% This file was created with JabRef 2.3.1.
% Encoding: Cp1252

@PREAMBLE{ {\providecommand{\noopsort}[1]{}} }

@STRING{aop = {Aspect Oriented Programming}}

@STRING{arie = {{\noopsort{Deursen}}van Deursen, A.}}

@INCOLLECTION{murphy:aosdbook05,
  author = {Gail C. Murphy and William G. Griswold and Martin P. Robillard and
	Jan Hannemann and Wesley Leong},
  title = {Design Recommendations for Concern Elaboration Tools},
  pages = {507-530},
  crossref = {:aosdbook05}
}

@BOOK{Deu05.rede,
  title = {De software-evolutieparadox},
  publisher = {Technische Universiteit Delft},
  year = {2005},
  author = arie,
  month = {23 februari},
  note = {Inaugural Lecture}
}

@INPROCEEDINGS{DHKMR2004.wicsa04,
  author = arie # { and C. Hofmeister and R. Koschke and L. Moonen and C. Riva},
  title = {Symphony: View-Driven Software Architecture Reconstruction},
  booktitle = {Working IEEE/IFIP Conference on Software Architecture (WICSA)},
  year = {2004},
  pages = {122--134},
  publisher = {IEEE Computer Society}
}

@INPROCEEDINGS{deursen:fase99,
  author = arie # { and P. Klint and C. Verhoef},
  title = {Research Issues in Software Renovation},
  booktitle = {Fundamental Approaches to Software Engineering (FASE '99)},
  year = {1999},
  volume = {1577},
  series = {Lecture Notes in Computer Science},
  pages = {1--21},
  publisher = {Springer-Verlag}
}

@ARTICLE{deursen:dsl,
  author = arie # { and Paul Klint and Joost Visser},
  title = {Domain-specific languages: an annotated bibliography},
  journal = {SIGPLAN Not.},
  year = {2000},
  volume = {35},
  pages = {26--36},
  number = {6},
  doi = {http://doi.acm.org/10.1145/352029.352035},
  issn = {0362-1340},
  publisher = {ACM Press}
}

@INPROCEEDINGS{DK99.icse,
  author = arie # { and T. Kuipers},
  title = {Identifying Objects using Cluster and Concept Analysis},
  booktitle = {21st International Conference on Software Engineering, ICSE-99},
  year = {1999},
  pages = {246--255},
  publisher = {ACM},
  abstract = { Many approaches to support (semi-automatic) identification of objects
	in legacy code take the data structures as starting point for candidate
	classes. Unfortunately, legacy data structures tend to grow over
	time, and may contain many unrelated fields at the time of migration.
	We propose a method for identifying objects by semi-automatically
	restructuring the legacy data structures. Issues involved include
	the selection of record fields of interest, the identification of
	procedures actually dealing with such fields, and the construction
	of coherent groups of fields and procedures into candidate classes.
	We explore the use of cluster and concept analysis for the purpose
	of object identification, and we illustrate their effect on a 100,000
	LOC Cobol system. Furthermore, we use these results to contrast clustering
	with concept analysis techniques. },
  url = {http://www.cwi.nl/~arie/papers/split.pdf}
}

@INPROCEEDINGS{DMM03,
  author = arie # { and M. Marin and L. Moonen},
  title = {Aspect mining and refactoring},
  booktitle = {Proceedings of the WCRE Workshop on REFactoring: Achievements, Challenges,
	Effects (REFACE03).},
  year = {2003},
  editor = {L. Thavildari and K. Kontogiannis},
  address = {Waterloo, Canada},
  publisher = {University of Waterloo}
}

@ARTICLE{vandeursen:ag08,
  author = arie # { and Ali Mesbah},
  title = {{Ajax} probleemloos?},
  journal = {Automatisering Gids},
  year = {2008},
  volume = {41},
  number = {50},
  month = {12 Decembe}
}

@MANUAL{AspectJPG,
  title = {The {AspectJ} Programming Guide},
  author = {{\noopsort{AspectJ}}{The {AspectJ Team}}},
  organization = {Palo Alto Research Center},
  year = {2003},
  note = {Version 1.2},
  url = {http://eclipse.org/aspectj/}
}

@INPROCEEDINGS{abrams:uiml,
  author = {Marc Abrams and Constantinos Phanouriou and Alan L. Batongbacal and
	Stephen M. Williams and Jonathan E. Shuster},
  title = {{UIML}: An Appliance-Independent {XML} User Interface Language},
  booktitle = {WWW '99: 8th International Conference on World Wide Web},
  year = {1999},
  pages = {1695-1708},
  url = {http://www8.org/w8-papers/5b-hypertext-media/uiml/uiml.html}
}

@INPROCEEDINGS{acharya:97,
  author = {Swarup Acharya and Michael Franklin and Stanley Zdonik},
  title = {Balancing push and pull for data broadcast},
  booktitle = {SIGMOD '97: ACM SIGMOD International Conference on Management of
	Data},
  year = {1997},
  pages = {183--194},
  publisher = {ACM Press},
  doi = {http://doi.acm.org/10.1145/253260.253293},
  isbn = {0-89791-911-4}
}

@INPROCEEDINGS{hierarchy-distributed,
  author = {Sridhar Alager and S. Venkatsean},
  title = {Hierarchy in Testing Distributed programs},
  booktitle = {Proceedings of the 1st International Workshop on Automated and Algorithmic
	Debugging (AADEBUG'93)},
  year = {1993},
  pages = {101--116},
  publisher = {Springer-Verlag}
}

@INPROCEEDINGS{alfaro:modelchecking,
  author = {de Alfaro, Luca},
  title = {Model Checking the World Wide Web},
  booktitle = {Proceedings of the 13th International Conference on Computer Aided
	Verification (CAV'01)},
  year = {2001},
  pages = {337--349},
  publisher = {Springer-Verlag},
  isbn = {3-540-42345-1}
}

@INPROCEEDINGS{alfaro:mcweb,
  author = {de Alfaro, Luca and Thomas A. Henzinger and Freddy Y. C. Mang},
  title = {{MCWEB}: A Model-Checking Tool for Web Site Debugging},
  booktitle = {WWW'01 Posters},
  year = {2001}
}

@MISC{ria,
  author = {Jeremy Allaire},
  title = {Macromedia {F}lash {MX-A} next-generation rich client},
  howpublished = {Macromedia white paper},
  year = {2002},
  note = {\url{http://www.adobe.com/devnet/flash/whitepapers/richclient.pdf}}
}



@BOOK{coreJ2EE,
  title = {Core {J2EE} Patterns},
  publisher = {Sun Microsystems, Inc.},
  year = {2003},
  author = {Alur, D. and Crupi, J. and Malks, D.},
  address = {USA},
  isbn = {0-13-142246-4}
}

@INPROCEEDINGS{alvarez:clienthidden,
  author = {Manuel Alvarez and Alberto Pan and Juan Raposo and Angel Vina},
  title = {Client-Side Deep Web Data Extraction},
  booktitle = {CEC-EAST '04: Proceedings of the IEEE International Conference on
	E-Commerce Technology for Dynamic E-Business},
  year = {2004},
  pages = {158--161},
  publisher = {IEEE Computer Society},
  doi = {http://dx.doi.org/10.1109/CEC-EAST.2004.30},
  isbn = {0-7695-2206-8}
}

@MISC{ammar98multicast,
  author = {M. Ammar and K. Almeroth and R. Clark and Z. Fei},
  title = {Multicast delivery of web pages or how to make web servers pushy},
  howpublished = {Proceedings of the Workshop on Internet Server Performance},
  year = {1998}
}

@ARTICLE{andrews:fms,
  author = {A. Andrews and J. Offutt and R. Alexander},
  title = {Testing web applications by modeling with {FSM}s},
  journal = {Software and Systems Modeling},
  year = {July 2005},
  volume = {4},
  pages = {326-345},
  number = {3}
}

@INPROCEEDINGS{andrews:fault-seeding,
  author = {J. H. Andrews and L. C. Briand and Y. Labiche},
  title = {Is mutation an appropriate tool for testing experiments?},
  booktitle = {Proceedings of the 27th international conference on Software engineering
	(ICSE'05)},
  year = {2005},
  pages = {402--411},
  publisher = {ACM},
  doi = {http://doi.acm.org/10.1145/1062455.1062530},
  isbn = {1-59593-963-2}
}

@INPROCEEDINGS{antoniol:da,
  author = {Giuliano Antoniol and Di Penta, Massimiliano and Michele Zazzara},
  title = {Understanding Web Applications through Dynamic Analysis},
  booktitle = {IWPC '04: 12th IEEE International Workshop on Program Comprehension},
  year = {2004},
  pages = {120},
  publisher = {IEEE Computer Society},
  isbn = {0-7695-2149-5}
}

@MISC{grizzly,
  author = {Jean-Francois Arcand},
  title = {Grizzly: An HTTP Listener Using Java Technology NIO},
  howpublished = {\url{http://weblogs.java.net/blog/jfarcand/archive/2005/06/index.html}},
  year = {2005}
}

@BOOK{arnold:re,
  title = {Software Reengineering},
  publisher = {IEEE Computer Society Press},
  year = {1993},
  author = {Robert S. Arnold},
  isbn = {0818632712}
}

@INPROCEEDINGS{artzi:mit,
  author = {Shay Artzi and Adam Kie{\.z}un and Julian Dolby and Frank Tip and
	Danny Dig and Amit Paradkar and Michael D. Ernst},
  title = {Finding bugs in dynamic web applications},
  booktitle = {Proc. Int. Symp. on Software Testing and Analysis (ISSTA'08)},
  year = {2008},
  pages = {261--272},
  publisher = {ACM}
}

@BOOK{asleson:ajax,
  title = {Foundations of {Ajax}},
  publisher = {Apress},
  year = {2005},
  author = {Ryan Asleson and Nathaniel T. Schutta},
  isbn = {1590595823}
}

@INPROCEEDINGS{atterer:ajax,
  author = {Richard Atterer and Albrecht Schmidt},
  title = {Tracking the interaction of users with {A}jax applications for usability
	testing},
  booktitle = {CHI '07: Proceedings of the SIGCHI conference on Human factors in
	computing systems},
  year = {2007},
  pages = {1347--1350},
  publisher = {ACM Press},
  doi = {http://doi.acm.org/10.1145/1240624.1240828},
  isbn = {978-1-59593-593-9}
}

@INPROCEEDINGS{atterer:usability,
  author = {Richard Atterer and Albrecht Schmidt},
  title = {Adding Usability to Web Engineering Models and Tools},
  booktitle = {Proceedings of the 5th International Conferencee on Web Engineering
	(ICWE'05)},
  year = {2005},
  pages = {36--41},
  publisher = {Springer}
}

@ARTICLE{atterer:jwe06,
  author = {R. Atterer and A. Schmidt and H. Hussmann},
  title = {Extending Web Engineering Models and Tools for Automatic Usability
	Validation},
  journal = {Journal of Web Engineering},
  year = {2006},
  volume = {5},
  pages = {43--64},
  number = {1},
  publisher = {Rinton}
}

@INPROCEEDINGS{atterer:usermove,
  author = {Richard Atterer and Monika Wnuk and Albrecht Schmidt},
  title = {Knowing the user's every move: user activity tracking for website
	usability evaluation and implicit interaction},
  booktitle = {WWW '06: Proceedings of the 15th international conference on World
	Wide Web},
  year = {2006},
  pages = {203--212},
  publisher = {ACM Press},
  doi = {http://doi.acm.org/10.1145/1135777.1135811},
  isbn = {1-59593-323-9}
}

@ARTICLE{avizienis:2004,
  author = {Avizienis, A. and Laprie, J.-C. and Randell, B. and Landwehr, C.},
  title = {Basic Concepts and Taxonomy of Dependable and Secure Computing},
  journal = {IEEE Trans. on Dependable and Secure Computing},
  year = {2004},
  volume = {1},
  pages = {11--33},
  number = {1},
  issn = {1545-5971},
  publisher = {IEEE Computer Society Press},
}

@MISC{backbase:search,
  author = {Backbase},
  title = {Designing Rich Internet Applications For Search Engine Accessibility},
  year = {2005},
  note = {backbase.com Whitepaper}
}

@OTHER{bxml,
  author = {Backbase},
  publisher = {Backbase},
  title = {Backbase {E}xtensible {M}arkup {L}anguage ({BXML}) {R}eference},
  year = {2005}
}

@INPROCEEDINGS{banga:optimistic,
  author = {Gaurav Banga and Fred Douglis and Michael Rabinovich},
  title = {Optimistic Deltas for {WWW} Latency Reduction },
  booktitle = {Proc. 1997 USENIX Technical Conf},
  year = {1997},
  pages = {289--303}
}

@INPROCEEDINGS{barbosa:www07,
  author = {Luciano Barbosa and Juliana Freire},
  title = {An Adaptive Crawler for Locating Hidden-Web Entry Points},
  booktitle = {WWW '07: Proceedings of the 16th international conference on World
	Wide Web},
  year = {2007},
  pages = {441--450},
  publisher = {ACM Press},
  doi = {http://doi.acm.org/10.1145/1242572.1242632},
  isbn = {978-1-59593-654-7}
}

@INPROCEEDINGS{baresi:uml,
  author = {L. Baresi and F. Garzotto and P. Paolini},
  title = {Extending {UML} for Modeling Web Applications},
  booktitle = {HICSS '01: 34th Annual Hawaii International Conference on System
	Sciences},
  year = {2001},
  pages = {3055},
  publisher = {IEEE Computer Society},
  isbn = {0-7695-0981-9}
}

@ARTICLE{barnett:invariant,
  author = {Mike Barnett and Robert Deline and Manuel Fahndrich and K. Rustan
	and M. Leino and Wolfram Schulte},
  title = {Verification of object-oriented programs with invariants},
  journal = {J. of Object Technology},
  year = {2004},
  volume = {3},
  pages = {1--30},
  number = {6}
}

@INPROCEEDINGS{barone:scs,
  author = {Paolo Barone and Paola Bonizzoni and Gianluca Delta Vedova and Giancarlo
	Mauri},
  title = {An approximation algorithm for the shortest common supersequence
	problem: an experimental analysis},
  booktitle = {SAC '01: ACM symposium on Applied computing},
  year = {2001},
  pages = {56--60},
  publisher = {ACM Press},
  doi = {http://doi.acm.org/10.1145/372202.372275},
  isbn = {1-58113-287-5},
  location = {Las Vegas, Nevada, United States}
}

@ARTICLE{barret:ebi,
  author = {Daniel J. Barrett and Lori A. Clarke and Peri L. Tarr and Alexander
	E. Wise},
  title = {A framework for event-based software integration},
  journal = {ACM Trans. Softw. Eng. Methodol.},
  year = {1996},
  volume = {5},
  pages = {378--421},
  number = {4},
  publisher = {ACM Press}
}

@BOOK{bass:arch,
  title = {Software architecture in practice, 2nd ed.},
  publisher = {Addison-Wesley},
  year = {2003},
  author = {Len Bass and Paul Clements and Rick Kazman},
  isbn = {0-201-19930-0}
}

@BOOK{beizer:testing,
  title = {Software Testing Techniques (2nd ed.)},
  publisher = {Van Nostrand Reinhold Co.},
  year = {1990},
  author = {B. Beizer}
}

@INPROCEEDINGS{belli:fst,
  author = {Fevzi Belli},
  title = {Finite-State Testing and Analysis of Graphical User Interfaces},
  booktitle = {ISSRE '01: Proceedings of the 12th International Symposium on Software
	Reliability Engineering},
  year = {2001},
  pages = {34--43},
  publisher = {IEEE Computer Society},
  isbn = {0-7695-1306-9}
}

@INPROCEEDINGS{benedikt:veriweb,
  author = {M. Benedikt and J. Freire and P. Godefroid},
  title = {{VeriWeb}: Automatically testing dynamic web sites},
  booktitle = {Proc. 11th Int. Conf. on World Wide Web (WWW'02)},
  year = {2002},
  pages = {654--668}
}

@ARTICLE{tim:www,
  author = {Tim Berners-Lee},
  title = {{WWW}: Past, Present, and Future},
  journal = {IEEE Computer},
  year = {1996},
  volume = {29},
  pages = {69--77},
  number = {10},
  doi = {http://dx.doi.org/10.1109/2.539724},
  issn = {0018-9162},
  publisher = {IEEE Computer Society}
}

@MANUAL{url:rfc,
  title = {{RFC} 1738: {U}niform {R}esource {L}ocators ({URL})},
  author = {T. Berners-Lee and L. Masinter and M. McCahill},
  organization = {W3C},
  year = {1994},
  publisher = {RFC Editor}
}


@MISC{testing,
  author = {W3C},
  title = {Web Testing},
  note = {\url{http://www.w3.org/testing/}}
}

@INPROCEEDINGS{bertolino:fose07,
  author = {Antonia Bertolino},
  title = {Software Testing Research: Achievements, Challenges, Dreams},
  booktitle = {ICSE Future of Software Engineering (FOSE'07)},
  year = {2007},
  pages = {85--103},
  publisher = {IEEE Computer Society},
  doi = {http://dx.doi.org/10.1109/FOSE.2007.25},
  isbn = {0-7695-2829-5}
}

@TECHREPORT{bezemer:tech09,
  author = {Cor-Paul Bezemer and Ali Mesbah and } # arie,
  title = {Automated Security Testing of Web Widget Interactions},
  institution = {Delft University of Technology},
  year = {2009},
  number = {TUD-SERG-2009-011}
}

@ARTICLE{bezivin:mda,
  author = {Jean Bezivin},
  title = {On the unification power of models},
  journal = {Software and Systems Modelling},
  year = {2005},
  volume = {4},
  pages = {171--188},
  number = {2},
  month = {May},
  publisher = {Springer}
}

@ARTICLE{adaptive-push-pull,
  author = {Manish Bhide and Pavan Deolasee and Amol Katkar and Ankur Panchbudhe
	and Krithi Ramamritham and Prashant Shenoy},
  title = {Adaptive Push-Pull: Disseminating Dynamic Web Data},
  journal = {IEEE Trans. Comput.},
  year = {2002},
  volume = {51},
  pages = {652--668},
  number = {6},
  issn = {0018-9340},
  publisher = {IEEE Computer Society}
}

@BOOK{binder:testing,
  title = {Testing object-oriented systems: models, patterns, and tools},
  publisher = {Addison-Wesley},
  year = {1999},
  author = {Robert V. Binder},
  isbn = {0-201-80938-9}
}

@ARTICLE{birrel:rpc,
  author = {Andrew D. Birrell and Bruce Jay Nelson},
  title = {Implementing remote procedure calls},
  journal = {ACM Trans. Comput. Syst.},
  year = {1984},
  volume = {2},
  pages = {39--59},
  number = {1},
  doi = {http://doi.acm.org/10.1145/2080.357392},
  issn = {0734-2071},
  publisher = {ACM Press}
}

@INPROCEEDINGS{boldyreff:maintain,
  author = {Cornelia Boldyreff and Richard Kewish},
  title = {Reverse Engineering to Achieve Maintainable {WWW} Sites},
  booktitle = {WCRE '01: 8th Working Conference on Reverse Engineering},
  year = {2001},
  pages = {249},
  publisher = {IEEE Computer Society},
  isbn = {0-7695-1303-4}
}

@INPROCEEDINGS{bouillon:vaquista,
  author = {Laurent Bouillon and Jean Vanderdonckt and Kwok Chieu Chow},
  title = {Flexible re-engineering of web sites},
  booktitle = {IUI '04: 9th international conference on Intelligent user interface},
  year = {2004},
  pages = {132--139},
  publisher = {ACM Press},
  doi = {http://doi.acm.org/10.1145/964442.964468},
  isbn = {1-58113-815-6}
}

@ARTICLE{bouras:redundant,
  author = {Christos Bouras and Agisilaos Konidaris},
  title = {Estimating and eliminating redundant data transfers over the {W}eb:
	a fragment based approach: Research Articles},
  journal = {Int. J. Commun. Syst.},
  year = {2005},
  volume = {18},
  pages = {119--142},
  number = {2},
  address = {Chichester, UK, UK},
  doi = {http://dx.doi.org/10.1002/dac.v18:2},
  issn = {1074-5351},
  publisher = {John Wiley and Sons Ltd.}
}

@INPROCEEDINGS{bouras:components,
  author = {C. Bouras and A. Konidaris},
  title = {Web components: A concept for improving personalization and reducing
	user perceived latency on the {W}orld {W}ide {W}eb},
  booktitle = {The 2nd International Conference on Internet Computing},
  year = {2001}
}

@MASTERSTHESIS{engin:thesis,
  author = {Engin Bozdag},
  title = {Integration of {HTTP} Push with a {JSF} {A}JAX framework },
  school = {Delft University of Technology},
  year = {2007},
  month = {December},
  url = {http://swerl.tudelft.nl/twiki/pub/Main/PastAndCurrentMScProjects/thesis-engin.pdf}
}

@ARTICLE{bozdag:jwe,
  author = {Engin Bozdag and Ali Mesbah and } # arie,
  title = {Performance Testing of Data Delivery Techniques for {A}JAX Applications},
  journal = {Journal of Web Engineering},
  year = {2009},
  volume = {8},
  number = {4},
  pages = {287-315}
}

@TECHREPORT{bozdag:tech08,
  author = {Engin Bozdag and Ali Mesbah and } # arie,
  title = {Performance Testing of Data Delivery Techniques for {A}JAX Applications},
  institution = {Delft University of Technology},
  year = {2008},
  number = {TUD-SERG-2008-009}
}

@INPROCEEDINGS{bozdag:wse2007,
  author = {Engin Bozdag and Ali Mesbah and } # arie,
  title = {A Comparison of Push and Pull Techniques for {A}jax},
  booktitle = {Proceedings of the 9th IEEE International Symposium on Web Site Evolution
	(WSE'07)},
  year = {2007},
  pages = {15--22},
  publisher = {IEEE Computer Society}
}

@INPROCEEDINGS{bozzon:ria,
  author = {Alessandro Bozzon and Sara Comai and Piero Fraternali and Giovanni
	Toffetti Carughi},
  title = {Conceptual modeling and code generation for rich internet applications},
  booktitle = {ICWE '06: Proceedings of the 6th international conference on Web
	engineering},
  year = {2006},
  pages = {353--360},
  publisher = {ACM Press},
  doi = {http://doi.acm.org/10.1145/1145581.1145649},
  isbn = {1-59593-352-2}
}

@INPROCEEDINGS{bozzon:www,
  author = {Alessandro Bozzon and Sara Comai and Piero Fraternali and Giovanni
	Toffetti Carughi},
  title = {Capturing {RIA} concepts in a Web modeling language},
  booktitle = {WWW '06: Proceedings of the 15th International Conference on World
	Wide Web},
  year = {2006},
  pages = {907--908},
  publisher = {ACM Press},
  doi = {http://doi.acm.org/10.1145/1135777.1135938},
  isbn = {1-59593-323-9}
}

@ARTICLE{brab:form,
  author = {Claus Brabrand and Anders M\&\#248;ller and Mikkel Ricky and Michael
	I. Schwartzbach},
  title = {PowerForms: {D}eclarative client-side form field validation},
  journal = {World Wide Web},
  year = {2000},
  volume = {3},
  pages = {205--214},
  number = {4},
  publisher = {Kluwer Academic Publishers}
}

@INPROCEEDINGS{BK2004,
  author = {Breu, S. and Krinke, J.},
  title = {Aspect Mining Using Event Traces},
  booktitle = {International Conference on Automated Software Engineering (ASE 2004)},
  year = {2004},
  address = {Los Alamitos, CA},
  publisher = {IEEE Computer Society}
}

@ARTICLE{Briand99,
  author = {L. C. Briand and J. W. Daly and J. K. Wust},
  title = {A Unified Framework for Coupling Measurement in Object-Oriented Systems},
  journal = {IEEE Transactions on Software Engineering},
  year = {1999},
  volume = {25},
  pages = {91--121},
  number = {1}
}

@ARTICLE{briand02,
  author = {Lionel C. Briand and Sandro Morasca and Victor R. Basili},
  title = {An Operational Process for Goal-Driven Definition of Measures},
  journal = {IEEE Trans. Softw. Eng.},
  year = {2002},
  volume = {28},
  pages = {1106--1125},
  number = {12},
  doi = {http://dx.doi.org/10.1109/TSE.2002.1158285},
  issn = {0098-5589},
  publisher = {IEEE Press}
}

@ARTICLE{google:search,
  author = {Sergey Brin and Lawrence Page},
  title = {The anatomy of a large-scale hypertextual {W}eb search engine},
  journal = {Comput. Netw. ISDN Syst.},
  year = {1998},
  volume = {30},
  pages = {107--117},
  number = {1-7},
  doi = {http://dx.doi.org/10.1016/S0169-7552(98)00110-X},
  issn = {0169-7552},
  publisher = {Elsevier Science Publishers B. V.}
}

@ARTICLE{bordie:fragment,
  author = {D Brodie and A Gupta and W Shi},
  title = {Accelerating Dynamic Web Content Delivery Using Key�word-Based Fragment
	Detection},
  journal = {J. Web Eng.},
  year = {2005},
  volume = {4},
  pages = {079-099},
  number = {1},
  publisher = {Rinton Press}
}

@BOOK{brodie:migration,
  title = {Migrating legacy systems: gateways, interfaces \& the incremental
	approach},
  publisher = {Morgan Kaufmann Publishers Inc.},
  year = {1995},
  author = {Michael L. Brodie and Michael Stonebraker},
  isbn = {1-55860-330-1}
}

@INPROCEEDINGS{BDET04,
  author = {M. Bruntink and } # arie # { and {\noopsort{Engelen}}van Engelen,
	R. and T. Tourw\'{e}},
  title = {An Evaluation of Clone Detection Techniques for Identifying Crosscutting
	Concerns},
  booktitle = {Proceedings International Conference on Software Maintenance (ICSM
	2004)},
  year = {2004},
  pages = {200--209},
  address = {Los Alamitos, CA},
  publisher = {IEEE Computer Society}
}

@BOOK{Campbell63,
  title = {Experimental and Quasi-Experimental Designs for Research},
  publisher = {Rand-McNally},
  year = {1963},
  author = {D. Campbell and J. Stanley}
}

@INPROCEEDINGS{cardone:xforms,
  author = {Richard Cardone and Danny Soroker and Alpana Tiwari},
  title = {Using {XF}orms to simplify {W}eb programming},
  booktitle = {Proceedings of the 14th {I}nternational {C}onference on {W}orld {W}ide
	{W}eb, ({WWW} 05)},
  year = {2005},
  pages = {215-224},
  publisher = {ACM Press}
}

@INPROCEEDINGS{preciado:wse2007,
  author = {Carlos Preciado, Juan and Marino Linaje and Sara Comai and Fernando
	Sanchez-Figueroa},
  title = {Designing {R}ich {I}nternet {A}pplications with {W}eb Engineering
	Methodologies},
  booktitle = {Proceedings of the 9th IEEE International Symposium on Web Site Evolution
	(WSE'07)},
  year = {2007},
  pages = {23--30},
  publisher = {IEEE Computer Society}
}

@INPROCEEDINGS{carvalho:hidden,
  author = {de Carvalho, Augusto Fontes and F\&\#225;bio Soares Silva},
  title = {SmartCrawl: a new strategy for the exploration of the hidden web},
  booktitle = {WIDM '04: Proceedings of the 6th annual ACM international workshop
	on Web information and data management},
  year = {2004},
  pages = {9--15},
  publisher = {ACM Press},
  doi = {http://doi.acm.org/10.1145/1031453.1031457},
  isbn = {1-58113-978-0}
}

@INPROCEEDINGS{carzaniga:icse97,
  author = {Antonio Carzaniga and Gian Pietro Picco and Giovanni Vigna},
  title = {Designing distributed applications with mobile code paradigms},
  booktitle = {Proceedings of the 19th International Conference on Software Engineering
	(ICSE'97)},
  year = {1997},
  pages = {22--32},
  publisher = {ACM Press},
  doi = {http://doi.acm.org/10.1145/253228.253236},
  isbn = {0-89791-914-9}
}

@MISC{Goetz2004,
  author = {Fabio Casati and Fausto Giunchiglia and Maurizio Marchese},
  title = {Liquid Publications: Scientific Publications meet the Web},
  howpublished = {IBM developersWorks articles},
  year = {2007},
  note = {\url{www-136.ibm.com/developerworks/java/}},
  url = {http://www-106.ibm.com/developerworks/library/j-jtp01274.html}
}

@TECHREPORT{liquidpub,
  author = {Fabio Casati and Fausto Giunchiglia and Maurizio Marchese},
  title = {Liquid Publications: Scientific Publications meet the Web},
  institution = {University of Trento},
  year = {2007},
  number = {DIT-07-073},
  note = {\url{http://eprints.biblio.unitn.it/archive/00001313/01/073.pdf}}
}

@INPROCEEDINGS{comparison05,
  author = {Ceccato, M. and Marin, M. and Mens, K. and Moonen, L. and Tonella,
	P. and Tourw\'{e}, T.},
  title = {{A Qualitative Comparison of Three Aspect Mining Techniques}},
  booktitle = {Proceedings 13th International Workshop on Program Comprehension
	(IWPC 2005)},
  year = {2005},
  address = {Los Alamitos, CA},
  publisher = {IEEE Computer Society}
}

@ARTICLE{ceri:webml,
  author = {Stefano Ceri and Piero Fraternali and Aldo Bongio},
  title = {Web Modeling Language ({WebML}): a modeling language for designing
	Web sites},
  journal = {Computer Networks},
  year = {2000},
  volume = {33},
  pages = {137--157},
  number = {1-6},
  publisher = {North-Holland Publishing Co.}
}

@ARTICLE{chall:dynamic-content,
  author = {Jim Challenger and Paul Dantzig and Arun Iyengar and Karen Witting},
  title = {A {F}ragment-based approach for efficiently creating dynamic {W}eb
	content},
  journal = {ACM Trans. Inter. Tech.},
  year = {2005},
  volume = {5},
  pages = {359--389},
  number = {2},
  publisher = {ACM Press}
}

@INPROCEEDINGS{chawathe:domdiff,
  author = {Sudarshan S. Chawathe and Anand Rajaraman and Hector Garcia-Molina
	and Jennifer Widom},
  title = {Change detection in hierarchically structured information},
  booktitle = {SIGMOD '96: Proceedings of the 1996 ACM SIGMOD international conference
	on Management of data},
  year = {1996},
  pages = {493--504},
  publisher = {ACM Press},
  doi = {http://doi.acm.org/10.1145/233269.233366},
  isbn = {0-89791-794-4}
}

@ARTICLE{control-observe,
  author = {J. Chen and R. M. Hierons and H. Ural},
  title = {Overcoming observability problems in distributed test architectures},
  journal = {Inf. Process. Lett.},
  year = {2006},
  volume = {98},
  pages = {177--182},
  number = {5},
  publisher = {Elsevier North-Holland, Inc.}
}

@ARTICLE{chikofsky:re,
  author = {Elliot J. Chikofsky and Cross II, James H.},
  title = {Reverse Engineering and Design Recovery: A Taxonomy},
  journal = {IEEE Softw.},
  year = {1990},
  volume = {7},
  pages = {13--17},
  number = {1},
  doi = {http://dx.doi.org/10.1109/52.43044},
  issn = {0740-7459},
  publisher = {IEEE Computer Society Press}
}

@INPROCEEDINGS{choi:servers,
  author = {Gyu Sang Choi and Jin-Ha Kim and Deniz Ersoz and Chita R. Das},
  title = {A multi-threaded {PIPELINED} {W}eb server architecture for {SMP}/{S}o{C}
	machines},
  booktitle = {WWW '05: Proceedings of the 14th international conference on World
	Wide Web},
  year = {2005},
  pages = {730--739},
  publisher = {ACM Press},
  doi = {http://doi.acm.org/10.1145/1060745.1060851}
}

@INPROCEEDINGS{choi:ejb,
  author = {Jung Pil Choi},
  title = {Aspect-{O}riented {P}rogramming with {E}nterprise {J}ava{B}eans},
  booktitle = {EDOC '00: Proceedings of the 4th International conference on Enterprise
	Distributed Object Computing},
  year = {2000},
  pages = {252},
  publisher = {IEEE Computer Society}
}

@INPROCEEDINGS{CME05,
  author = {Chung, W. and Harrison, W. and Kruskal, V. and Ossher, H. and Sutton,
	S.M.Jr. and Tarr, P.},
  title = {Working with Implicit Concerns in the Concern Manipulation Environment},
  booktitle = {Proceedings AOSD Workshop on Linking Aspect Technology and Evolution
	(LATE)},
  year = {2005},
  address = {Amsterdam, The Netherlands},
  publisher = {CWI}
}

@BOOK{clements:arch,
  title = {Documenting {S}oftware {A}rchitectures: {V}iews and {B}eyond},
  publisher = {Pearson Education},
  year = {2002},
  author = {P. Clements and D. Garlan and L. Bass and J. Stafford and R. Nord
	and J. Ivers and R. Little},
  isbn = {0201703726}
}

@INPROCEEDINGS{coda:softare-web,
  author = {Francesco Coda and Carlo Ghezzi and Giovanni Vigna and Franca Garzotto},
  title = {Towards a Software Engineering Approach to Web Site Development},
  booktitle = {Proceedings of the 9th international Workshop on Software specification
	and design (IWSSD'98)},
  year = {1998},
  pages = {8},
  publisher = {IEEE Computer Society},
  isbn = {0-8186-8439-9}
}

@INPROCEEDINGS{aspectj2ee,
  author = {Tal Cohen and Joseph (Yossi) Gil},
  title = {Aspect{J}2{EE} = {AOP} + {J}2{EE}: {T}owards an {A}spect {B}ased,
	{P}rogrammable and {E}xtensible {M}iddleware {F}ramework},
  booktitle = {ECOOP - Object-Oriented Programming, LNCS 3086},
  year = {2004},
  pages = {219--243},
  publisher = {Springer-Verlag}
}

@BOOK{conallen:uml,
  title = {Building Web Applications with UML (2nd Edition)},
  publisher = {Addison-Wesley},
  year = {2003},
  author = {Jim Conallen}
}

@INPROCEEDINGS{cordy:clone,
  author = {James R. Cordy and Thomas R. Dean and Nikita Synytskyy},
  title = {Practical language-independent detection of near-miss clones},
  booktitle = {CASCON '04: Conference of the Centre for Advanced Studies on Collaborative
	research},
  year = {2004},
  pages = {1--12},
  publisher = {IBM Press},
  location = {Markham, Ontario, Canada}
}

@ARTICLE{cornelissen:dynamic,
  author = {Bas Cornelissen and Andy Zaidman and Arie van Deursen and Leon Moonen
	and Rainer Koschke},
  title = {A Systematic Survey of Program Comprehension through Dynamic Analysis},
  journal = {IEEE Transactions on Software Engineering (TSE)},
  year = {2009},
  note = {To appear}
}

@BOOK{crane:ajax,
  title = {{Ajax} in Action},
  publisher = {Manning Publications Co.},
  year = {2005},
  author = {Dave Crane and Eric Pascarello and Darren James}
}

@INPROCEEDINGS{Crew1997,
  author = {Crew, R.F.},
  title = {ASTLOG: A Language for Examining Abstract Syntax Trees},
  booktitle = {USENIX Conference on Domain-Specific Languages},
  year = {1997},
  address = {Santa Barbara, California}
}

@INPROCEEDINGS{cugola:exploiting,
  author = {Gianpaolo Cugola and Elisabetta Di Nitto and Alfonso Fuggetta},
  title = {Exploiting an Event-Based Infrastructure to Develop Complex Distributed
	Systems},
  booktitle = {International Conference on Software Engineering},
  year = {1998},
  pages = {261-270}
}

@INPROCEEDINGS{dasgupta:www07,
  author = {Anirban Dasgupta and Arpita Ghosh and Ravi Kumar and Christopher
	Olston and Sandeep Pandey and Andrew Tomkins},
  title = {The Discoverability of the Web},
  booktitle = {WWW '07: Proceedings of the 16th international conference on World
	Wide Web},
  year = {2007},
  pages = {421--430},
  publisher = {ACM Press},
  doi = {http://doi.acm.org/10.1145/1242572.1242630},
  isbn = {978-1-59593-654-7}
}

@INPROCEEDINGS{keukelaere:www08,
  author = {De Keukelaere, Frederik and Sumeer Bhola and Michael Steiner and
	Suresh Chari and Sachiko Yoshihama},
  title = {{SMash}: secure component model for cross-domain mashups on unmodified
	browsers},
  booktitle = {Proceeding of the 17th international conference on World Wide Web
	(WWW'08)},
  year = {2008},
  pages = {535--544},
  publisher = {ACM},
  doi = {http://doi.acm.org/10.1145/1367497.1367570},
  isbn = {978-1-60558-085-2}
}

@INPROCEEDINGS{lucia:clonepatterns,
  author = {De Lucia, Andrea and Rita Francese and Giuseppe Scanniello and Genoveffa
	Tortora},
  title = {Understanding Cloned Patterns in Web Applications},
  booktitle = {IWPC '05: 13th International Workshop on Program Comprehension},
  year = {2005},
  pages = {333--336},
  publisher = {IEEE Computer Society},
  doi = {http://dx.doi.org/10.1109/WPC.2005.42},
  isbn = {0-7695-2254-8}
}

@INPROCEEDINGS{lucia:clone04,
  author = {De Lucia, Andrea and Rita Francese and Giuseppe Scanniello and Genoveffa
	Tortora},
  title = {Reengineering Web Applications Based on Cloned Pattern Analysis},
  booktitle = {IWPC '04: 12th IEEE International Workshop on Program Comprehension},
  year = {2004},
  pages = {132},
  publisher = {IEEE Computer Society}
}

@INPROCEEDINGS{lucia:thresh,
  author = {De Lucia, A. and G. Scanniello and G. Tortora},
  title = {Identifying Clones in Dynamic Web Sites Using Similarity thresholds},
  booktitle = {International Conference on Enterprise Information Systems},
  year = {2004},
  pages = { 391--396}
}

@ARTICLE{deshpande:multi01,
  author = {Yogesh Deshpande and Steve Hansen},
  title = {Web Engineering: Creating a Discipline among Disciplines},
  journal = {IEEE MultiMedia},
  year = {2001},
  volume = {8},
  pages = {82--87},
  number = {2},
  doi = {http://dx.doi.org/10.1109/93.917974},
  issn = {1070-986X},
  publisher = {IEEE Computer Society Press}
}

@INPROCEEDINGS{lucca:levenstein,
  author = {Di Lucca, Giuseppe A. and Di Penta, Massimiliano and Anna Rita Fasolino},
  title = {An Approach to Identify Duplicated Web Pages},
  booktitle = {COMPSAC '02: 26th International Computer Software and Applications
	Conference},
  year = {2002},
  pages = {481--486},
  publisher = {IEEE Computer Society},
  isbn = {0-7695-1727-7}
}

@INPROCEEDINGS{lucca:iwpse05,
  author = {Di Lucca, Giuseppe Antonio and Di Penta, Massimiliano and Anna Rita
	Fasolino and Porfirio Tramontana},
  title = {Supporting Web Application Evolution by Dynamic Analysis},
  booktitle = {IWPSE '05: 8th International Workshop on Principles of Software Evolution},
  year = {2005},
  pages = {175--186},
  publisher = {IEEE Computer Society},
  doi = {http://dx.doi.org/10.1109/IWPSE.2005.29},
  isbn = {0-7695-2349-8}
}

@INPROCEEDINGS{lucca:sigdoc06,
  author = {Di Lucca, Giuseppe Antonio and Damiano Distante and Mario Luca Bernardi},
  title = {Recovering conceptual models from web applications},
  booktitle = {SIGDOC '06: 24th Annual Conference on Design of Communication},
  year = {2006},
  pages = {113--120},
  publisher = {ACM Press},
  doi = {http://doi.acm.org/10.1145/1166324.1166351},
  isbn = {1-59593-523-1}
}

@ARTICLE{lucca:testing06,
  author = {Di Lucca, Giuseppe A. and Fasolino, Anna Rita},
  title = {Testing Web-based applications: The state of the art and future trends},
  journal = {Inf. Softw. Technol.},
  year = {2006},
  volume = {48},
  pages = {1172--1186},
  number = {12},
  doi = {http://dx.doi.org/10.1016/j.infsof.2006.06.006},
  issn = {0950-5849},
  publisher = {Butterworth-Heinemann}
}

@INPROCEEDINGS{lucca:ware-csmr,
  author = {Di Lucca, Giuseppe A. and Anna Rita Fasolino and F. Pace and P. Tramontana
	and de Carlini, Ugo},
  title = {{WARE}: A Tool for the Reverse Engineering of Web Applications},
  booktitle = {CSMR '02: 6th European Conference on Software Maintenance and Reengineering},
  year = {2002},
  pages = {241--250},
  publisher = {IEEE Computer Society},
  isbn = {0-7695-1438-3}
}

@INPROCEEDINGS{lucca:cluster,
  author = {Di Lucca, G. A. and A. R. Fasolino and F. Pace and P. Tramontana
	and De Carlini, U.},
  title = {Comprehending Web Applications by a Clustering Based Approach},
  booktitle = {IWPC '02: 10th International Workshop on Program Comprehension},
  year = {2002},
  pages = {261},
  publisher = {IEEE Computer Society},
  isbn = {0-7695-1495-2}
}

@INPROCEEDINGS{Lucca:interaction,
  author = {Di Lucca, Giuseppe Antonio and Anna Rita Fasolino and Porfirio Tramontana},
  title = {Recovering Interaction Design Patterns in Web Applications},
  booktitle = {Proceedings of the 9th European Conference on Software Maintenance
	and Reengineering (CSMR'05)},
  year = {2005},
  pages = {366--374},
  publisher = {IEEE Computer Society},
  doi = {http://dx.doi.org/10.1109/CSMR.2005.47}
}

@ARTICLE{lucca:ware,
  author = {Di Lucca, Giuseppe Antonio and Anna Rita Fasolino and Porfirio Tramontana},
  title = {Reverse engineering web applications: the {WARE} approach},
  journal = {J. Softw. Maint. Evol.},
  year = {2004},
  volume = {16},
  pages = {71--101},
  number = {1-2},
  doi = {http://dx.doi.org/10.1002/smr.281},
  issn = {1532-060X},
  publisher = {John Wiley \& Sons, Inc.}
}

@INPROCEEDINGS{luccapenta:warewanda,
  author = {Di Lucca, G.A. and Di Penta, M.},
  title = {Integrating static and dynamic analysis to improve the comprehension
	of existing Web applications},
  booktitle = {WSE '05: 7th IEEE International Symposium on Web Site Evolution},
  year = {2005},
  pages = {87--94},
  publisher = {IEEE Computer Society},
  isbn = {0-7695-2470-2}
}

@INPROCEEDINGS{lucca:testing,
  author = {Di Lucca, G. and A. Fasolino and F. Faralli},
  title = {Testing Web Applications},
  booktitle = {ICSM '02: International Conference on Software Maintenance},
  year = {2002},
  pages = {310--319},
  publisher = {IEEE Computer Society},
  isbn = {0-7695-1819-2}
}

@INPROCEEDINGS{sciascio:seke02,
  author = {Di Sciascio, Eugenio and Francesco M. Donini and Marina Mongiello
	and Giacomo Piscitelli},
  title = {AnWeb: a system for automatic support to web application verification},
  booktitle = {Proceedings of the 14th international conference on Software engineering
	and knowledge engineering (SEKE'02)},
  year = {2002},
  pages = {609--616},
  publisher = {ACM},
  doi = {http://doi.acm.org/10.1145/568760.568866},
  isbn = {1-58113-556-4}
}

@ARTICLE{dijkstra,
  author = {E. W. Dijkstra},
  title = {A note on two problems in connexion with graphs},
  journal = {Numerische Mathematik},
  year = {1959},
  volume = {1},
  pages = {269--271},
  number = {1},
  issn = {0950-5849},
  publisher = {Springer Berlin}
}

@MISC{reverse-ajax,
  author = {{Direct Web Remoting}},
  title = {Reverse {A}jax Documentation},
  howpublished = {\url{http://getahead.org/dwr/reverse-ajax}},
  year = {2007}
}

@INPROCEEDINGS{draheim:jspick,
  author = {Dirk Draheim and Elfriede Fehr and Gerald Weber},
  title = {{JSP}ick - A Server Pages Design Recovery Tool},
  booktitle = {CSMR '03: 7th European Conference on Software Maintenance and Reengineering},
  year = {2003},
  pages = {230},
  publisher = {IEEE Computer Society},
  isbn = {0-7695-1902-4}
}

@INPROCEEDINGS{draheim:revangie,
  author = {Dirk Draheim and Christof Lutteroth and Gerald Weber},
  title = {A Source Code Independent Reverse Engineering Tool for Dynamic Web
	Sites},
  booktitle = {CSMR '05: 9th European Conference on Software Maintenance and Reengineering},
  year = {2005},
  pages = {168--177},
  publisher = {IEEE Computer Society},
  doi = {http://dx.doi.org/10.1109/CSMR.2005.4},
  isbn = {0-7695-2304-8}
}

@BOOK{dustin:automated-testing,
  title = {Automated software testing: introduction, management, and performance},
  publisher = {Addison-Wesley},
  year = {1999},
  author = {Elfriede Dustin and Jeff Rashka and John Paul},
  isbn = {0-201-43287-0}
}

@ARTICLE{ESS1992,
  author = {Stephen G. Eick and Joseph L. Steffen and Eric E. Sumner, Jr.},
  title = {Seesoft-A Tool for Visualizing Line Oriented Software Statistics},
  journal = {IEEE Transaction on Software Engineering},
  year = {1992},
  volume = {18},
  pages = {957--968},
  number = {11},
  address = {Piscataway, NJ, USA},
  doi = {http://dx.doi.org/10.1109/32.177365},
  issn = {0098-5589},
  publisher = {IEEE Press}
}

@article{elbaum:webtest,
author = {Sebastian Elbaum and Gregg Rothermel and Srikanth Karre and Marc Fisher},
title = {Leveraging User-Session Data to Support Web Application Testing},
journal ={IEEE Trans. Softw. Eng.},
volume = {31},
issn = {0098-5589},
year = {2005},
pages = {187--202},
publisher = {IEEE Computer Society},
}

@INPROCEEDINGS{emmerich:tigra,
  author = {Wolfgang Emmerich and Ernst Ellmer and Henry Fieglein},
  title = {{TIGRA} an architectural style for enterprise application integration},
  booktitle = {ICSE '01: 23rd International Conference on Software Engineering},
  year = {2001},
  pages = {567--576},
  publisher = {IEEE Computer Society},
  isbn = {0-7695-1050-7}
}

@INPROCEEDINGS{taylor:mashup,
  author = {Justin R. Erenkrantz and Michael Gorlick and Girish Suryanarayana
	and Richard N. Taylor},
  title = {From representations to computations: the evolution of web architectures},
  booktitle = {Proceedings of the 6th joint meeting of the European software engineering
	conference and the ACM SIGSOFT symposium on The foundations of software
	engineering (ESEC-FSE'07)},
  year = {2007},
  pages = {255--264},
  publisher = {ACM},
  doi = {http://doi.acm.org/10.1145/1287624.1287660}
}

@INPROCEEDINGS{ernst:stat-dynam,
  author = {Michael D. Ernst},
  title = {Static and dynamic analysis: Synergy and duality},
  booktitle = {Proceedings of the Workshop on Dynamic Analysis (WODA'03)},
  year = {2003},
  pages = {24--27}
}

@ARTICLE{ernst:invariants,
  author = {Michael D. Ernst and Jake Cockrell and William G. Griswold and David
	Notkin},
  title = {Dynamically Discovering Likely Program Invariants to Support Program
	Evolution},
  journal = {IEEE Trans. Softw. Eng.},
  year = {2001},
  volume = {27},
  pages = {99--123},
  number = {2},
  doi = {http://dx.doi.org/10.1109/32.908957},
  issn = {0098-5589},
  publisher = {IEEE Press}
}

@ARTICLE{eugster:publishsub03,
  author = {Patrick Th. Eugster and Pascal A. Felber and Rachid Guerraoui and
	Anne-Marie Kermarrec},
  title = {The many faces of publish/subscribe},
  journal = {ACM Comput. Surv.},
  year = {2003},
  volume = {35},
  pages = {114--131},
  number = {2},
  doi = {http://doi.acm.org/10.1145/857076.857078},
  issn = {0360-0300},
  publisher = {ACM Press}
}

@INPROCEEDINGS{fabry04transaction,
  author = {J. Fabry},
  title = {Transaction management in {EJB}s: {B}etter separation of concerns
	with {AOP}},
  booktitle = {Proc. of the 3rd AOSD Workshop on Aspects, Components, and Patterns
	for Infrastructure Software (ACP4IS)},
  year = {2004},
  editor = {Y. Coady and D. Lorenz},
  address = {Victoria, Canada},
  publisher = {University of Victoria}
}

@BOOK{fenton:metrics,
  title = {Software Metrics: A Rigorous and Practical Approach},
  publisher = {PWS Publishing Co.},
  year = {1998},
  author = {Norman E. Fenton and Shari Lawrence Pfleeger},
  isbn = {0534954251}
}

@PHDTHESIS{fielding:phd,
  author = {Roy Fielding},
  title = {Architectural styles and the design of network-based software architectures},
  school = {UC, Irvine, Information and Computer Science},
  year = {2000},
  isbn = {0-599-87118-0},
  order_no = {AAI9980887}
}

@MISC{http,
  author = {R. Fielding and J. Gettys and J. Mogul and H. Frystyk and L. Masinter
	and P. Leach and T. Berners-Lee},
  title = {Hypertext {T}ransfer {P}rotocol -- {HTTP}/1.1},
  year = {1999},
  publisher = {RFC Editor}
}

@ARTICLE{fielding:principle,
  author = {R. Fielding and R. N. Taylor},
  title = {Principled design of the modern {W}eb architecture},
  journal = {ACM Trans. Inter. Tech. (TOIT)},
  year = {2002},
  volume = {2},
  pages = {115--150},
  number = {2},
  publisher = {ACM Press}
}

@TECHREPORT{filman:aop,
  author = {Robert E. Filman},
  title = {What {I}s {A}spect-{O}riented {P}rogramming, {R}evisited},
  year = {2001},
  publisher = {RIACS}
}

@INPROCEEDINGS{obliv,
  author = {Robert E. Filman and Daniel P. Friedman},
  title = {Aspect-{O}riented {P}rogramming is {Q}uantification and {O}bliviousness},
  booktitle = {OOPSLA Workshop on Advanced Separation of Concerns,},
  year = {2000}
}

@INPROCEEDINGS{vanderdonckt:graceful,
  author = {Murielle Florins and Jean Vanderdonckt},
  title = {Graceful degradation of user interfaces as a design method for multiplatform
	systems},
  booktitle = {IUI '04: Proceedings of the 9th international conference on Intelligent
	user interfaces},
  year = {2004},
  pages = {140--147},
  publisher = {ACM Press},
  doi = {http://doi.acm.org/10.1145/964442.964469},
  isbn = {1-58113-815-6}
}

@PHDTHESIS{folmer:phd,
  author = {Eelke Folmer},
  title = {Software Architecture analysis of Usability},
  school = {Univ. of Groningen, Mathematics and Computer Science},
  year = {2005}
}

@BOOK{fowler1999,
  title = {Refactoring: Improving the Design of Existing Code },
  publisher = {Addison-Wesley},
  year = {1999},
  author = {Fowler, Martin and others},
  address = {Reading, MA},
  isbn = {0-201-48567-2}
}

@INPROCEEDINGS{franklin:98,
  author = {Michael Franklin and Stan Zdonik},
  title = {"Data in your face": push technology in perspective},
  booktitle = {SIGMOD '98: Proceedings of the 1998 ACM SIGMOD international conference
	on Management of data},
  year = {1998},
  pages = {516--519},
  publisher = {ACM Press},
  doi = {http://doi.acm.org/10.1145/276304.276360},
  isbn = {0-89791-995-5},
  location = {Seattle, Washington, United States}
}

@INPROCEEDINGS{franklin:push-based,
  author = {Michael Franklin and Stanley Zdonik},
  title = {A framework for scalable dissemination-based systems},
  booktitle = {OOPSLA '97: 12th ACM SIGPLAN conference on Object-oriented programming,
	systems, languages, and applications},
  year = {1997},
  pages = {94--105},
  publisher = {ACM Press},
  doi = {http://doi.acm.org/10.1145/263698.263725},
  isbn = {0-89791-908-4}
}

@ARTICLE{fraternali:mda00,
  author = {Piero Fraternali and Paolo Paolini},
  title = {Model-driven development of Web applications: the AutoWeb system},
  journal = {ACM Trans. Inf. Syst.},
  year = {2000},
  volume = {18},
  pages = {323--382},
  number = {4},
  doi = {http://doi.acm.org/10.1145/358108.358110},
  issn = {1046-8188},
  publisher = {ACM Press}
}

@ARTICLE{fuggetta:tse98,
  author = {Alfonso Fuggetta and Gian Pietro Picco and Giovanni Vigna},
  title = {Understanding Code Mobility},
  journal = {IEEE Trans. Softw. Eng.},
  year = {1998},
  volume = {24},
  pages = {342--361},
  number = {5},
  doi = {http://dx.doi.org/10.1109/32.685258},
  issn = {0098-5589},
  publisher = {IEEE Press}
}

@BOOK{gamma1994,
  title = {Design Patterns: Elements of Reusable Object-Oriented Software},
  publisher = {Addison-Wesley},
  year = {1994},
  author = {E. Gamma and R. Helm and R. Johnson and J. Vlissides},
  address = {Reading, MA}
}

@INPROCEEDINGS{garofalakis:xtract,
  author = {Minos Garofalakis and Aristides Gionis and Rajeev Rastogi and S.
	Seshadri and Kyuseok Shim},
  title = {{XTRACT}: a system for extracting document type descriptors from
	{XML} documents},
  booktitle = {SIGMOD '00: ACM SIGMOD international conference on Management of
	data},
  year = {2000},
  pages = {165--176},
  publisher = {ACM Press},
  doi = {http://doi.acm.org/10.1145/342009.335409},
  isbn = {1-58113-217-4}
}

@MISC{garrett:ajax,
  author = {Jesse Garrett},
  title = {{A}jax: A New Approach to Web Applications},
  howpublished = {Adaptive path},
  year = {February 2005},
  note = {\url{http://www.adaptivepath.com/publications/essays/archives/000385.php}}
}

@INPROCEEDINGS{gharavi:iwwost08,
  author = {Vahid Gharavi and Ali Mesbah and Arie van Deursen},
  title = {Modelling and Generating {A}jax Applications: A Model-Driven Approach},
  booktitle = {Proceedings of the 7th ICWE International Workshop on Web-Oriented
	Software Technologies (IWWOST'08)},
  year = {2008},
  pages = {38-43}
}

@BOOK{ghezzi:software-engineering,
  title = {Fundamentals of software engineering},
  publisher = {Prentice-Hall, Inc.},
  year = {1991},
  author = {Carlo Ghezzi and Mehdi Jazayeri and Dino Mandrioli},
  isbn = {0-13-820432}
}

@ARTICLE{ginige:webengineering,
  author = {Athula Ginige and San Murugesan},
  title = {Web Engineering: An Introduction},
  journal = {IEEE MultiMedia},
  year = {2001},
  volume = {8},
  pages = {14--18},
  number = {1},
  doi = {http://dx.doi.org/10.1109/93.923949},
  issn = {1070-986X},
  publisher = {IEEE Computer Society Press}
}

@INPROCEEDINGS{dart,
  author = {Patrice Godefroid and Nils Klarlund and Koushik Sen},
  title = {DART: directed automated random testing},
  booktitle = {Proceedings of the 2005 ACM SIGPLAN conference on Programming language
	design and implementation (PLDI'05)},
  year = {2005},
  pages = {213--223},
  publisher = {ACM}
}

@INPROCEEDINGS{godefroid:dart,
  author = {Patrice Godefroid and Nils Klarlund and Koushik Sen},
  title = {{DART}: directed automated random testing},
  booktitle = {Proceedings of the ACM SIGPLAN conference on Programming language
	design and implementation (PLDI'05)},
  year = {2005},
  pages = {213--223},
  publisher = {ACM},
  doi = {http://doi.acm.org/10.1145/1065010.1065036},
  isbn = {1-59593-056-6}
}

@MISC{Goetz2004,
  author = {B. Goetz},
  title = {Garbage collection and performance},
  howpublished = {IBM developersWorks articles},
  month = {January},
  year = {2004},
  note = {\url{www-136.ibm.com/developerworks/java/}},
  url = {http://www-106.ibm.com/developerworks/library/j-jtp01274.html}
}

@MISC{xul,
  author = {Ben Goodger and Ian Hickson and David Hyatt and Chris Waterson},
  title = {{XML} {U}ser {I}nterface {L}anguage ({XUL}) 1.0},
  howpublished = {Mozilla.org}
}

@MISC{PUBSUB,
  author = {Google},
  title = {Gadget-to-Gadget Communication},
  howpublished = {\url{http://code.google.com/apis/gadgets/docs/pubsub.html}},
  year = {2008}
}

@INPROCEEDINGS{goradia:dynamic-test,
  author = {Tarak Goradia},
  title = {Dynamic impact analysis: a cost-effective technique to enforce error-propagation},
  booktitle = {Proc. ACM SIGSOFT Int. Symp. on Sw. Testing and Analysis (ISSTA'93)},
  year = {1993},
  pages = {171--181},
  publisher = {ACM},
  doi = {http://doi.acm.org/10.1145/154183.154269},
  isbn = {0-89791-608-5}
}

@INPROCEEDINGS{Graaf:2005.csmr,
  author = {B. Graaf and Dijk, H. van and Deursen, A. van},
  title = {Evaluating an Embedded Software Reference Architecture: Experience
	Report},
  booktitle = {9th European Conference on Software Maintenance and Reengineering
	(CSMR)},
  year = {2005},
  pages = {354-363},
  publisher = {IEEE Computer Society}
}

@BOOK{maj2003,
  title = {Mastering AspectJ - } # aop # {in Java},
  publisher = {Wiley Publishing, Inc.},
  year = {2003},
  author = {Gradecki, J. D. and Lesiecki, N.},
  address = {Indianapolis, Indiana},
  isbn = {0-471-43104-4}
}

@INPROCEEDINGS{GKY2001,
  author = {William G. Griswold and Jimmy J. Yuan and Yoshikiyo Kato},
  title = {Exploiting the map metaphor in a tool for software evolution},
  booktitle = {ICSE '01: Proceedings of the 23rd International Conference on Software
	Engineering},
  year = {2001},
  pages = {265--274},
  address = {Washington, DC, USA},
  publisher = {IEEE Computer Society},
  isbn = {0-7695-1050-7},
  location = {Toronto, Ontario, Canada}
}

@TECHREPORT{GKY1999,
  author = {W. G. Griswold and J. J. Yuan and Y. Kato},
  title = {{AspectBrowser}: Tool Support for Managing Dispersed Aspects},
  institution = {University of California, San Diego},
  year = {1999},
  number = {CS99-0640},
  month = dec
}

@ARTICLE{frame:mvc,
  author = {Luo GuangChun and WangYanhua Lu and Xianliang Hanhong},
  title = {A novel {W}eb {A}pplication {F}rame developed by {MVC}},
  journal = {SIGSOFT Softw. Eng. Notes},
  year = {2003},
  volume = {28},
  pages = {7},
  number = {2},
  publisher = {ACM Press}
}

@INPROCEEDINGS{Gybels05,
  author = {Gybels, K. and Kellens, A.},
  title = {Experiences with Identifying Aspects in Smalltalk Using Unique Methods},
  booktitle = {Proceedings AOSD Workshop on Linking Aspect Technology and Evolution
	(LATE)},
  year = {2005},
  address = {Amsterdam, The Netherlands},
  publisher = {CWI}
}

@INPROCEEDINGS{halfond:esec07,
  author = {William Halfond and Alessandro Orso},
  title = {Improving test case generation for web applications using automated
	interface discovery},
  booktitle = {Proceedings of the ESEC/FSE conference},
  year = {2007},
  pages = {145--154},
  publisher = {ACM},
  doi = {http://doi.acm.org/10.1145/1287624.1287646},
  isbn = {978-1-59593-811-4}
}

@INPROCEEDINGS{orso:fse08,
  author = {Halfond, William G. J. and Orso, Alessandro},
  title = {Automated identification of parameter mismatches in web applications},
  booktitle = {Proceedings of the 16th International Symposium on Foundations of
	software engineering (FSE'08)},
  year = {2008},
  pages = {181--191},
  publisher = {ACM}
}

@INPROCEEDINGS{halfond:fse06,
  author = {Halfond,, William G. J. and Orso,, Alessandro and Manolios,, Panagiotis},
  title = {Using positive tainting and syntax-aware evaluation to counter SQL
	injection attacks},
  booktitle = {Proceedings of the 14th International Symposium on Foundations of
	software engineering (FSE'06)},
  year = {2006},
  pages = {175--185},
  publisher = {ACM}
}

@INPROCEEDINGS{han:navigation,
  author = {Minmin Han and Christine Hofmeister},
  title = {Modeling and verification of adaptive navigation in web applications},
  booktitle = {Proceedings of the 6th international conference on Web engineering
	(ICWE'06)},
  year = {2006},
  pages = {329--336},
  publisher = {ACM Press},
  doi = {http://doi.acm.org/10.1145/1145581.1145645},
  isbn = {1-59593-352-2}
}

@INPROCEEDINGS{han:nav,
  author = {Minmin Han and Christine Hofmeister},
  title = {Separation of {N}avigation {R}outing {C}ode in {J}2{EE} {W}eb {A}pplications},
  booktitle = {Proceedings of the 5th {I}nternational {C}onference on {W}eb {E}ngineering
	({ICWE} 2005)},
  year = {2005},
  pages = {221-231},
  publisher = {Springer}
}

@INPROCEEDINGS{han:j2ee,
  author = {Minmin Han and Christine Hofmeister and Robert L. Nord},
  title = {Reconstructing Software Architecture for {J2EE} Web Applications},
  booktitle = {WCRE '03: 10th Working Conference on Reverse Engineering},
  year = {2003},
  pages = {67},
  publisher = {IEEE Computer Society},
  isbn = {0-7695-2027-8}
}

@INPROCEEDINGS{hanakawa:ajax-browser,
  author = {Noriko Hanakawa and Nao Ikemiya},
  title = {A Web Browser for {A}jax Approach with Asynchronous Communication
	Model},
  booktitle = {WI '06: Proceedings of the 2006 IEEE/WIC/ACM International Conference
	on Web Intelligence},
  year = {2006},
  pages = {808--814},
  publisher = {IEEE Computer Society},
  doi = {http://dx.doi.org/10.1109/WI.2006.30},
  isbn = {0-7695-2747-7}
}

@INPROCEEDINGS{DPAOP02,
  author = {Hannemann, J. and Kiczales, G. },
  title = {Design Pattern Implementation in {Java} and {AspectJ}},
  booktitle = {Proceedings of the 17th Annual ACM conference on Object-Oriented
	Programming, Systems, Languages, and Applications (OOPSLA)},
  year = {2002},
  pages = {161--173},
  address = {Boston, MA},
  publisher = {ACM Press}
}

@INPROCEEDINGS{HK2001,
  author = {Hannemann, J. and Kiczales, G.},
  title = {Overcoming the Prevalent Decomposition of Legacy Code},
  booktitle = {Proceedings of the ICSE Workshop on Advanced Separation of Concerns},
  year = {2001},
  address = {New York, USA},
  publisher = {IBM Research},
  editors = {P. Tarr and H. Ossher}
}

@INPROCEEDINGS{hao:icwe06,
  author = {Jianhua Hao and Emilia Mendes},
  title = {Usage-based statistical testing of web applications},
  booktitle = {ICWE '06: 6th international conference on Web engineering},
  year = {2006},
  pages = {17--24},
  publisher = {ACM Press},
  doi = {http://doi.acm.org/10.1145/1145581.1145585},
  isbn = {1-59593-352-2}
}

@INPROCEEDINGS{hasan:acsac08,
  author = {Ragib Hasan and Winslett, Marianne and Conlan, Richard and Slesinsky,
	Brian and Ramani, Nandakumar},
  title = {Please Permit Me: Stateless Delegated Authorization in Mashups},
  booktitle = {Annual Computer Security Applications Conference (ACSAC'08)},
  year = {2008},
  pages = {173-182},
  publisher = {IEEE Computer Society},
  doi = {10.1109/ACSAC.2008.24}
}

@INPROCEEDINGS{hassan:water,
  author = {Ahmed E. Hassan and Richard C. Holt},
  title = {Migrating Web Frameworks Using Water Transformations},
  booktitle = {COMPSAC '03: 27th Annual International Conference on Computer Software
	and Applications},
  year = {2003},
  pages = {296},
  publisher = {IEEE Computer Society},
  isbn = {0-7695-2020-0}
}

@INPROCEEDINGS{hassan:arch,
  author = {Ahmed E. Hassan and Richard C. Holt},
  title = {Architecture recovery of Web applications},
  booktitle = {ICSE '02: 24th International Conference on Software Engineering},
  year = {2002},
  pages = {349--359},
  publisher = {ACM Press},
  doi = {http://doi.acm.org/10.1145/581339.581383},
  isbn = {1-58113-472-X},
  location = {Orlando, Florida}
}

@INPROCEEDINGS{hauswirth:push,
  author = {Manfred Hauswirth and Mehdi Jazayeri},
  title = {A component and communication model for push systems},
  booktitle = {7th European Software Engineering Conference (ESEC/FSE-7)},
  year = {1999},
  pages = {20--38},
  publisher = {Springer-Verlag},
  doi = {http://doi.acm.org/10.1145/318773.318784},
  isbn = {3-540-66538-2},
  location = {Toulouse, France}
}

@BOOK{Henderson96,
  title = {Object-oriented metrics : measures of complexity},
  publisher = {Prentice-Hall, Inc.},
  year = {1996},
  author = {Henderson-Sellers, Brian}
}

@INPROCEEDINGS{hennicker:modeluml,
  author = {Rolf Hennicker and Nora Koch},
  title = {Modeling the User Interface of {W}eb Applications with {UML}},
  booktitle = {Workshop of the pUML-Group held together with the \&\#171;UML\&\#187;2001
	on Practical UML-Based Rigorous Development Methods - Countering
	or Integrating the eXtremists},
  year = {2001},
  pages = {158--172},
  publisher = {GI},
  isbn = {3-88579-335-0}
}

@INPROCEEDINGS{hennicker:uwe,
  author = {R. Hennicker and N. Koch},
  title = {A {UML}-based Methodology for Hypermedia Design},
  booktitle = {UML '00: 3rd International Conference on the Unified Modeling Language},
  year = {2000},
  pages = {410--424},
  publisher = {Vol. 1939. Springer-Verlag}
}

@ARTICLE{HK81,
  author = {Henry, S. and Kafura, K.},
  title = {Software Structure Metrics based on Information Flow},
  journal = {IEEE Transactions on Software Engineering},
  year = {1981},
  volume = {7(5)},
  pages = {510-518}
}

@ARTICLE{hoare:invariant,
  author = {C. A. R. Hoare},
  title = {Proof of correctness of data representations},
  journal = {Acta Informatica},
  year = {1972},
  volume = {1},
  pages = {271-281},
  number = {4}
}

@BOOK{hoffman:ajaxsec,
  title = {{Ajax} Security},
  publisher = {Pearson Education},
  year = {2008},
  author = {Billy Hoffman and Bryan Sullivan}
}

@INPROCEEDINGS{huang:www'03,
  author = {Yao-Wen Huang and Shih-Kun Huang and Tsung-Po Lin and Chung-Hung
	Tsai},
  title = {Web application security assessment by fault injection and behavior
	monitoring},
  booktitle = {Proceedings of the 12th international conference on World Wide Web
	(WWW'03)},
  year = {2003},
  pages = {148--159},
  publisher = {ACM},
  doi = {http://doi.acm.org/10.1145/775152.775174},
  isbn = {1-58113-680-3}
}

@INPROCEEDINGS{WAVES04,
  author = {Yao-Wen Huang and Chung-Hung Tsai and D. T. Lee and Sy-Yen Kuo},
  title = {Non-Detrimental Web Application Security Scanning},
  booktitle = {ISSRE '04: Proceedings of the 15th International Symposium on Software
	Reliability Engineering},
  year = {2004},
  pages = {219--230},
  address = {Washington, DC, USA},
  publisher = {IEEE Computer Society}
}

@ARTICLE{waves:cn,
  author = {Yao-Wen Huang and Chung-Hung Tsai and Tsung-Po Lin and Shih-Kun Huang
	and D. T. Lee and Sy-Yen Kuo},
  title = {A testing framework for Web application security assessment},
  journal = {J. of Computer Networks},
  year = {2005},
  volume = {48},
  pages = {739--761},
  number = {5},
  doi = {http://dx.doi.org/10.1016/j.comnet.2005.01.003},
  issn = {1389-1286},
  publisher = {Elsevier}
}

@INPROCEEDINGS{huang:www04,
  author = {Yao-Wen Huang and Fang Yu and Christian Hang and Chung-Hung Tsai
	and Der-Tsai Lee and Sy-Yen Kuo},
  title = {Securing web application code by static analysis and runtime protection},
  booktitle = {Proceedings of the 13th international conference on World Wide Web
	(WWW'04)},
  year = {2004},
  pages = {40--52},
  address = {New York, NY, USA},
  publisher = {ACM}
}

@MISC{icefaces,
  author = {Icesoft},
  title = {{ICEF}aces, release 0.3.0 {A}lpha},
  year = {January 2006}
}

@INPROCEEDINGS{jackson:www07,
  author = {Collin Jackson and Helen J. Wang},
  title = {Subspace: secure cross-domain communication for web mashups},
  booktitle = {WWW '07: Proceedings of the 16th international conference on World
	Wide Web},
  year = {2007},
  pages = {611--620},
  address = {New York, NY, USA},
  publisher = {ACM}
}

@INPROCEEDINGS{JV2003,
  author = {D. Janzen and {\noopsort{Volder}}De Volder, K.},
  title = {Navigating and Querying Code Without Getting Lost},
  booktitle = {Proceedings 2nd Int. Conf. on Aspect-Oriented Software Development
	{(AOSD)}},
  year = {2003},
  pages = {178-187},
  address = {Boston, MA},
  month = mar,
  publisher = {ACM Press}
}

@INPROCEEDINGS{jazayeri:age,
  author = {Mehdi Jazayeri},
  title = {Species evolve, individuals age},
  booktitle = {Proceedings of the 8th International Workshop on Principles of Software
	Evolution (IWPSE'05)},
  year = {2005},
  pages = {3--12},
  publisher = {IEEE Computer Society},
  doi = {http://dx.doi.org/10.1109/IWPSE.2005.27},
  isbn = {0-7695-2349-8}
}

@MISC{jetty,
  author = {Jetty},
  title = {Jetty 6 Architecture},
  howpublished = {Mortbay Consulting, \url{http://docs.codehaus.org/display/JETTY/Architecture}},
  year = {2006}
}

@MISC{jetty-continuation,
  author = {Jetty},
  title = {Jetty webserver documentation - Continuations},
  howpublished = {Mortbay Consulting, \url{http://docs.codehaus.org/display/JETTY/Continuations}},
  year = {2006}
}

@INPROCEEDINGS{stroulia:reen,
  author = {Yingtao Jiang and Eleni Stroulia},
  title = {Towards Reengineering Web Sites to Web-services Providers},
  booktitle = {CSMR '04: 8th Euromicro Working Conference on Software Maintenance
	and Reengineering},
  year = {2004},
  pages = {296},
  publisher = {IEEE Computer Society},
  isbn = {0-7695-2107-X}
}

@ARTICLE{seccom06:jovanovic,
  author = {Jovanovic, Nenad and Kirda, Engin and Kruegel, Christopher},
  title = {Preventing {C}ross {S}ite {R}equest {F}orgery {A}ttacks},
  journal = {Securecomm and Workshops, 2006},
  year = {2006},
  pages = {1-10},
  month = {28 2006-Sept. 1},
  doi = {10.1109/SECCOMW.2006.359531}
}

@INPROCEEDINGS{jovanovic:pixy,
  author = {Nenad Jovanovic and Christopher Kruegel and Engin Kirda},
  title = {Pixy: A Static Analysis Tool for Detecting Web Application Vulnerabilities},
  booktitle = {SP '06: Proceedings of the 2006 IEEE Symposium on Security and Privacy},
  year = {2006},
  pages = {258--263},
  address = {Washington, DC, USA},
  publisher = {IEEE Computer Society},
  doi = {http://dx.doi.org/10.1109/SP.2006.29}
}

@TECHREPORT{juvva99realtime,
  author = {Kanaka Juvva and Raj Rajkumar},
  title = {A Real-Time Push-Pull Communications Model for Distributed Real-Time
	and Multimedia Systems},
  institution = {School of Computer Science, Carnegie Mellon University},
  year = {1999},
  number = {CMU-CS-99-107},
  month = {January}
}

@INPROCEEDINGS{kals:www06,
  author = {Stefan Kals and Engin Kirda and Christopher Kruegel and Nenad Jovanovic},
  title = {SecuBat: a web vulnerability scanner},
  booktitle = {Proc. 15th int. conf. on World Wide Web (WWW'06)},
  year = {2006},
  pages = {247--256},
  publisher = {ACM},
  doi = {http://doi.acm.org/10.1145/1135777.1135817},
  isbn = {1-59593-323-9}
}

@ARTICLE{ccfind,
  author = {T. Kamiya and S. Kusumoto and K. Inoue},
  title = {{CCFinder}: a multilinguistic token-based code clone detection system
	for large scale source code},
  journal = {IEEE Transactions on Software Engineering},
  year = {2002},
  volume = {28},
  pages = {654--670},
  number = {7},
  doi = {http://dx.doi.org/10.1109/TSE.2002.1019480},
  issn = {0098-5589},
  publisher = {IEEE Press}
}

@ARTICLE{kamiya:ccfinder,
  author = {Toshihiro Kamiya and Shinji Kusumoto and Katsuro Inoue},
  title = {{CCF}inder: a multilinguistic token-based code clone detection system
	for large scale source code},
  journal = {IEEE Trans. Softw. Eng.},
  year = {2002},
  volume = {28},
  pages = {654--670},
  number = {7},
  doi = {http://dx.doi.org/10.1109/TSE.2002.1019480},
  issn = {0098-5589},
  publisher = {IEEE Press}
}

@INPROCEEDINGS{kazman:atam,
  author = {R. Kazman and M. Klein and M. Barbacci and T. Longstaff and H. Lipson
	and J. Carriere},
  title = {The architecture tradeoff analysis method},
  booktitle = {4th IEEE International Conference on Engineering of Complex Computer
	Systems},
  year = {1998},
  pages = {68--78},
  publisher = {IEEE Computer Society}
}

@INPROCEEDINGS{kersten:case,
  author = {Mik Kersten and Gail C. Murphy},
  title = {Atlas: a case study in building a web-based learning environment
	using aspect-oriented programming},
  booktitle = {OOPSLA '99: Proceedings of the 14th ACM SIGPLAN conference on Object-oriented
	programming, systems, languages, and applications},
  year = {1999},
  pages = {340--352},
  publisher = {ACM Press}
}

@MISC{khare:ajax,
  author = {Rohit Khare},
  title = {Beyond {A}jax: Accelerating Web Applications with {R}eal-{T}ime Event
	Notification},
  howpublished = {\url{http://www.knownow.com/products/docs/whitepapers/KN-Beyond-AJAX.pdf}},
  year = {2005}
}

@MISC{khare:modpub,
  author = {Khare, R. and Rifkin, A. and Sitaker, K. and Sittler, B.},
  title = {mod\_pubsub: an open-source event router for {A}pache},
  year = {2002},
  url = {http://mod-pubsub.sourceforge.net/}
}

@INPROCEEDINGS{khare:arest,
  author = {R. Khare and R. N. Taylor},
  title = {Extending the {R}epresentational {S}tate {T}ransfer ({REST}) Architectural
	Style for Decentralized Systems},
  booktitle = {26th International Conference on Software Engineering (ICSE'04)},
  year = {2004},
  pages = {428--437},
  publisher = {IEEE Computer Society},
  isbn = {0-7695-2163-0}
}

@ARTICLE{ajaxscope,
  author = {Emre Kiciman and Benjamin Livshits},
  title = {{AjaxScope}: a platform for remotely monitoring the client-side behavior
	of web 2.0 applications},
  journal = {SIGOPS Oper. Syst. Rev.},
  year = {2007},
  volume = {41},
  pages = {17--30},
  number = {6},
  doi = {http://doi.acm.org/10.1145/1323293.1294264},
  issn = {0163-5980},
  publisher = {ACM}
}

@INPROCEEDINGS{aop:kiczales1997,
  author = {G. Kiczales and J. Lamping and A. Mendhekar and C. Maeda and C. Lopes
	and J-M. Loingtier and J. Irwin},
  title = {Aspect-Oriented Programming},
  booktitle = {11th Europeen Conf. Object-Oriented Programming},
  year = {1997},
  volume = {1241},
  series = {LNCS},
  pages = {220-242},
  publisher = {Springer Verlag}
}

@INPROCEEDINGS{kiezun:icse09,
  author = {Adam Kiezun and Philip J Guo and Karthick Jayaraman and Michael D
	Ernst},
  title = {Automatic Creation of {SQL} Injection and Cross-Site Scripting Attacks},
  booktitle = {Proceedings of the 31st International Conference on Software Engineering
	(ICSE'09)},
  year = {2009},
  publisher = {IEEE Computer Society}
}

@INPROCEEDINGS{kim02:relevance,
  author = {H. Kim and S. Clarke},
  title = {The relevance of {AOP} to an applications programmer in an {EJB}
	environment},
  booktitle = {First International Conference on Aspect-Oriented Software Development
	(AOSD) Workshop on Aspects, Components, and Patterns for Infrastructure
	Software (ACP4IS)},
  year = {2002}
}

@INPROCEEDINGS{kirda:sac06,
  author = {Engin Kirda and Christopher Kruegel and Giovanni Vigna and Nenad
	Jovanovic},
  title = {Noxes: a client-side solution for mitigating cross-site scripting
	attacks},
  booktitle = {Proceedings of the 2006 ACM symposium on Applied computing (SAC'06)},
  year = {2006},
  pages = {330--337},
  publisher = {ACM}
}

@BOOK{Kiselev2002,
  title = aop # {with AspectJ},
  publisher = {Sams Publishing},
  year = {2002},
  author = {Kiselev, Ivan},
  address = {USA},
  isbn = {0-672-32410-5}
}

@ARTICLE{kitchenham:tse02,
  author = {Barbara A. Kitchenham and Shari Lawrence Pfleeger and Lesley M. Pickard
	and Peter W. Jones and David C. Hoaglin and Khaled El Emam and Jarrett
	Rosenberg},
  title = {Preliminary guidelines for empirical research in software engineering},
  journal = {IEEE Trans. Softw. Eng.},
  year = {2002},
  volume = {28},
  pages = {721--734},
  number = {8},
  doi = {http://dx.doi.org/10.1109/TSE.2002.1027796},
  issn = {0098-5589},
  publisher = {IEEE Press}
}

@ARTICLE{kitchenham:casestudy,
  author = {Barbara Kitchenham and Lesley Pickard and Shari Lawrence Pfleeger},
  title = {Case Studies for Method and Tool Evaluation},
  journal = {IEEE Softw.},
  year = {1995},
  volume = {12},
  pages = {52--62},
  number = {4},
  doi = {http://dx.doi.org/10.1109/52.391832},
  issn = {0740-7459},
  publisher = {IEEE Computer Society}
}

@INPROCEEDINGS{knapp:uml04,
  author = {Alexander Knapp and Nora Koch and Gefei Zhang and Hanns-Martin Hassler},
  title = {Modeling Business Processes in Web Applications with {ArgoUWE}},
  booktitle = {UML '04: 7th International Conference on the Unified Modeling Language},
  year = {2004},
  pages = {69--83},
  publisher = {Springer Verlag}
}

@INPROCEEDINGS{koch:mdwe06,
  author = {Nora Koch},
  title = {Transformation techniques in the model-driven development process
	of {UWE}},
  booktitle = {MDWE '06: 2nd Model-Driven Web Engineering Workshop},
  year = {2006},
  pages = {3},
  publisher = {ACM Press},
  doi = {http://doi.acm.org/10.1145/1149993.1149997},
  isbn = {1-59593-435-9},
  location = {Palo Alto, California}
}

@INPROCEEDINGS{koch:icwe03,
  author = {N. Koch and A. Kraus},
  title = {Towards a Common Metamodel for the Development of Web Applications},
  booktitle = {ICWE '03: International Conference on Web Engineering},
  year = {2003},
  pages = {495--506},
  publisher = {Springer}
}

@INPROCEEDINGS{koch:iwwwost02,
  author = {N. Koch and A. Kraus},
  title = {The Expressive Power of {UML}-based Web Engineering},
  booktitle = {IWWOST '02: 2nd International Workshop on Web-oriented Software Technology},
  year = {2002},
  pages = {105--119},
  publisher = {CYTED}
}

@MISC{koch:ajax,
  author = {Peter-Paul Koch},
  title = {{Ajax}, promise or hype?},
  year = {March 2005},
  note = {\url{http://www.quirksmode.org/blog/archives/2005/03/ajax_promise_or.html}}
}

@INPROCEEDINGS{sergei:webjinn,
  author = {Sergei Kojarski and David H. Lorenz},
  title = {Domain {D}riven {W}eb {D}evelopment {W}ith {W}eb{J}inn},
  booktitle = {OOPSLA '03: Companion of the 18th annual ACM SIGPLAN conference on
	Object-oriented programming, systems, languages, and applications},
  year = {2003},
  pages = {53--65},
  publisher = {ACM Press}
}

@INPROCEEDINGS{koschke:recall,
  author = {Rainer Koschke and Thomas Eisenbarth},
  title = {A Framework for Experimental Evaluation of Clustering Techniques},
  booktitle = {IWPC '00: 8th International Workshop on Program Comprehension},
  year = {2000},
  pages = {201},
  publisher = {IEEE Computer Society},
  isbn = {0-7695-0656-9}
}

@MISC{kozikowski:andromda,
  author = {Joel Kozikowski},
  title = {A Bird's Eye View of {A}ndro{MDA}},
  howpublished = {AndroMDA},
  year = {2005},
  note = {\url{http://galaxy.andromda.org/docs-3.1/contrib/birds-eye-view.html}},
  url = {http://galaxy.andromda.org/docs-3.1/contrib/birds-eye-view.html}
}

@ARTICLE{mvc:orig,
  author = {Glenn E. Krasner and Stephen T. Pope},
  title = {A cookbook for using the model-view controller user interface paradigm
	in {S}malltalk-80},
  journal = {Journal of Object Oriented Program},
  year = {1988},
  volume = {1},
  pages = {26--49},
  number = {3},
  publisher = {SIGS Publications}
}

@BOOK{laddad2003,
  title = {AspectJ in Action - Practical } # aop,
  publisher = {Manning Publications Co.},
  year = {2003},
  author = {Laddad, R.},
  address = {Greenwich, CT},
  isbn = {1930110936}
}

@MISC{laddad2003:refactoring,
  author = {R. Laddad},
  title = {Aspect-Oriented Refactoring},
  howpublished = {\url{www.theserverside.com}},
  month = dec,
  year = {2003}
}

@ARTICLE{palmieri:hidden,
  author = {Lage, Juliano Palmieri and da Silva, Altigran S. and Golgher, Paulo
	B. and Laender, Alberto H. F.},
  title = {Automatic generation of agents for collecting hidden web pages for
	data extraction},
  journal = {Data Knowl. Eng.},
  year = {2004},
  volume = {49},
  pages = {177--196},
  number = {2},
  doi = {http://dx.doi.org/10.1016/j.datak.2003.10.003},
  issn = {0169-023X},
  publisher = {Elsevier Science Publishers B. V.}
}

@ARTICLE{lam:testing02,
  author = {Wing Lam},
  title = {Testing E-Commerce Systems: A Practical Guide},
  journal = {IT Professional},
  year = {2001},
  volume = {3},
  pages = {19--27},
  number = {2},
  issn = {1520-9202},
  publisher = {IEEE Educational Activities Department}
}

@ARTICLE{langegger:davinci06,
  author = {Andreas Langegger and J�rgen Palkoska and Roland Wagner},
  title = {Da{V}inci - A Model-driven Web Engineering Framework},
  journal = {J. WEB. INFOR. SYST.},
  year = {2006},
  volume = {2},
  pages = {119-132},
  number = {2},
  publisher = {Troubador Publishing}
}

@INPROCEEDINGS{lanubile:clone,
  author = {Filippo Lanubile and Teresa Mallardo},
  title = {Finding Function Clones in Web Applications},
  booktitle = {CSMR '03: 7th European Conference on Software Maintenance and Reengineering},
  year = {2003},
  pages = {379},
  publisher = {IEEE Computer Society},
  isbn = {0-7695-1902-4}
}

@BOOK{lehman:evolution,
  title = {Program evolution: processes of software change},
  publisher = {Academic Press Professional, Inc.},
  year = {1985},
  author = {M. M. Lehman and L. A. Belady},
  isbn = {0-12-442440-6}
}

@ARTICLE{levenshtein,
  author = {V. L. Levenshtein},
  title = {Binary Codes Capable of Correcting Deletions, Insertions, and Reversals},
  journal = { Cybernetics and Control Theory},
  year = {1996},
  volume = {10},
  pages = {707--710}
}

@INPROCEEDINGS{licata:ase04,
  author = {Daniel R. Licata and Shriram Krishnamurthi},
  title = {Verifying Interactive Web Programs},
  booktitle = {Proceedings of the 19th IEEE international conference on Automated
	software engineering (ASE'04)},
  year = {2004},
  pages = {164--173},
  publisher = {IEEE Computer Society},
  doi = {http://dx.doi.org/10.1109/ASE.2004.76},
  isbn = {0-7695-2131-2}
}

@INPROCEEDINGS{ExHandAOP2000,
  author = {Lippert, M. and Lopes, C.V.},
  title = {A study on exception detection and handling using aspect-oriented
	programming},
  booktitle = {Proceedings of the 22nd International Conference on Software Engineering
	(ICSE)},
  year = {2000},
  pages = {418--427},
  address = {Boston, MA},
  publisher = {ACM Press},
  doi = {http://doi.acm.org/10.1145/337180.337229},
  isbn = {1-58113-206-9},
  location = {Limerick, Ireland}
}

@TECHREPORT{livshits:ms09_16,
  author = {Livshits, Benjamin and Guarnieri, Salvatore},
  title = {Gatekeeper: Mostly static enforcement of security and reliability
	policies for {JavaScript} code},
  institution = {Microsoft Research},
  year = {2009},
  number = {MSR-TR-2009-43},
  owner = {CP},
  timestamp = {2009.06.15}
}

@INPROCEEDINGS{LR2002a,
  author = {Loughran, N. and Rashid, A.},
  title = {Mining aspects},
  booktitle = {Workshop on Early Aspects: Aspect-Oriented Requirements Engineering
	and Architecture Design},
  year = {2002},
  address = {Enschede, The Netherlands},
  note = {AOSD 2002 Satellite workshop}
}

@INPROCEEDINGS{LR2002b,
  author = {Loughran, N. and Rashid, A.},
  title = {Relational Database Support for Aspect-Oriented Programming},
  booktitle = {Proceedings of NetObjectDays Conference},
  year = {2002},
  number = {2591},
  series = {LNCS},
  pages = {233-247}
}

@INPROCEEDINGS{1368115,
  author = {Jonathan Lung and Jorge Aranda and Steve M. Easterbrook and Gregory
	V. Wilson},
  title = {On the difficulty of replicating human subjects studies in software
	engineering},
  booktitle = {ICSE '08: Proceedings of the 30th international conference on Software
	engineering},
  year = {2008},
  pages = {191--200},
  publisher = {ACM},
  doi = {http://doi.acm.org/10.1145/1368088.1368115},
  isbn = {978-1-60558-079-1},
  location = {Leipzig, Germany}
}

@INPROCEEDINGS{mul:reveng,
  author = {Hausi A. M\&\#252;ller and Jens H. Jahnke and Dennis B. Smith and
	Margaret-Anne Storey and Scott R. Tilley and Kenny Wong},
  title = {Reverse engineering: a roadmap},
  booktitle = {ICSE '00: Proceedings of the Conference on The Future of Software
	Engineering},
  year = {2000},
  pages = {47--60},
  address = {New York, NY, USA},
  publisher = {ACM Press},
  doi = {http://doi.acm.org/10.1145/336512.336526},
  isbn = {1-58113-253-0},
  location = {Limerick, Ireland}
}

@INPROCEEDINGS{vicar:richarch,
  author = {D Mac-Vicar and J Navon},
  title = {Web Applications: A Simple Pluggable Architecture for Business Rich
	Clients},
  booktitle = {5th International Conference on Web Engineering (ICWE)},
  year = {2005},
  pages = {500--505},
  publisher = {Springer-Verlag}
}

@ARTICLE{google:deepweb,
  author = {Madhavan, Jayant and Ko, David and Kot, Lucja and Ganapathy, Vignesh
	and Rasmussen, Alex and Halevy, Alon},
  title = {Google's Deep Web crawl},
  journal = {Proc. VLDB Endow.},
  year = {2008},
  volume = {1},
  pages = {1241--1252},
  number = {2},
  doi = {http://doi.acm.org/10.1145/1454159.1454163},
  publisher = {VLDB Endowment}
}

@INPROCEEDINGS{mancoridis:bunch,
  author = {S. Mancoridis and B. S. Mitchell and Y. Chen and E. R. Gansner},
  title = {Bunch: A Clustering Tool for the Recovery and Maintenance of Software
	System Structures},
  booktitle = {ICSM '99: International Conference on Software Maintenance},
  year = {1999},
  pages = {50},
  publisher = {IEEE Computer Society},
  isbn = {0-7695-0016-1}
}

@ARTICLE{marchetto:sttt08,
  author = {Alessandro Marchetto and Filippo Ricca and Paolo Tonella},
  title = {A case study-based comparison of web testing techniques applied to
	{A}jax web applications},
  journal = {Int. Journal on Software Tools for Technology Transfer},
  year = {2008},
  volume = {10},
  pages = {477--492},
  number = {6},
  doi = {10.1007/s10009-008-0086-x},
  publisher = {Springer}
}

@INPROCEEDINGS{tonella:icst08,
  author = {Alessandro Marchetto and Paolo Tonella and Filippo Ricca},
  title = {State-based testing of {A}jax web applications},
  booktitle = {Proc. 1st Int. Conference on Sw. Testing Verification and Validation
	(ICST'08)},
  year = {2008},
  pages = {121--130},
  publisher = {IEEE Computer Society}
}

@TECHREPORT{MDM2004:report,
  author = {M. Marin and } # arie # { and L. Moonen},
  title = {Identifying Aspects using Fan-In Analysis},
  institution = {CWI},
  year = {2004},
  number = {SEN-R0413},
  url = {\url{www.cwi.nl/ftp/CWIreports/SEN/SEN-R0413.pdf}}
}

@INPROCEEDINGS{MDM04.fanin,
  author = {Marin, M. and Deursen, A. van and Moonen, L.},
  title = {Identifying aspects using fan-in analysis},
  booktitle = {Proceedings of the 11th Working Conference on Reverse Engineering
	(WCRE2004).},
  year = {2004},
  pages = {132--141},
  publisher = {IEEE Computer Society}
}

@INPROCEEDINGS{vanderdonckt:ria,
  author = {Mart\`{i}nez-Ruiz, F. J. and Munoz Arteaga, Jaime and Jean Vanderdonckt
	and Gonz\`{a}lez-Calleros, J. M.},
  title = {A first draft of a Model-driven Method for Designing Graphical User
	Interfaces of {R}ich {I}nternet {A}pplications},
  booktitle = {LA-Web '06: Proceedings of the 4th Latin American Web Congress},
  year = {2006},
  pages = {32--38},
  publisher = {IEEE Computer Society}
}

@MISC{flatin:99,
  author = {Jean-Philippe Martin-Flatin},
  title = {Push vs. Pull in Web-Based Network Management},
  howpublished = {\url{http://arxiv.org/pdf/cs/9811027}},
  year = {1999}
}

@MISC{spec:jsf,
  author = {McClanahan and C. and Burns and E. and Kitain, R.},
  title = {Java{S}erver {F}aces {S}pecification, v1.1},
  howpublished = {Sun Microsystems}
}

@INPROCEEDINGS{mehta:taxonomy,
  author = {Nikunj R. Mehta and Nenad Medvidovic and Sandeep Phadke},
  title = {Towards a taxonomy of software connectors},
  booktitle = {ICSE '00: Proceedings of the 22nd international conference on Software
	engineering},
  year = {2000},
  pages = {178--187},
  publisher = {ACM Press}
}

@ARTICLE{memon:eventflow,
  author = {Atif Memon},
  title = {An event-flow model of {GUI}-based applications for testing: Research
	Articles},
  journal = {Softw. Test. Verif. Reliab.},
  year = {2007},
  volume = {17},
  pages = {137--157},
  number = {3},
  doi = {http://dx.doi.org/10.1002/stvr.v17:3},
  issn = {0960-0833},
  publisher = {John Wiley and Sons Ltd.}
}

@INPROCEEDINGS{memon:gui,
  author = {Atif Memon and Ishan Banerjee and Adithya Nagarajan},
  title = {{GUI} Ripping: Reverse Engineering of Graphical User Interfaces for
	Testing},
  booktitle = {10th Working Conference on Reverse Engineering (WCRE'03)},
  year = {2003},
  pages = {260--269},
  publisher = {IEEE Computer Society},
  isbn = {0-7695-2027-8}
}

@INPROCEEDINGS{memon:even-flow,
  author = {Atif Memon and Mary Lou Soffa and Martha E. Pollack},
  title = {Coverage criteria for {GUI} testing},
  booktitle = {Proceedings ESEC/FSE'01},
  year = {2001},
  pages = {256--267},
  publisher = {ACM Press},
  isbn = {1-58113-390-1}
}

@ARTICLE{memon:tse05,
  author = {Atif M. Memon and Qing Xie},
  title = {Studying the Fault-Detection Effectiveness of GUI Test Cases for
	Rapidly Evolving Software},
  journal = {IEEE Trans. Softw. Eng.},
  year = {2005},
  volume = {31},
  pages = {884--896},
  number = {10},
  doi = {http://dx.doi.org/10.1109/TSE.2005.117},
  issn = {0098-5589},
  publisher = {IEEE Press}
}

@ARTICLE{merlo:gui,
  author = {Ettore Merlo and Pierre-Yves Gagne and Jean-Francois Girard and Kostas
	Kontogiannis and Laurie Hendren and Prakash Panangaden and Renato
	De Mori},
  title = {Reengineering User Interfaces},
  journal = {IEEE Softw.},
  year = {1995},
  volume = {12},
  pages = {64--73},
  number = {1},
  doi = {http://dx.doi.org/10.1109/52.363164},
  issn = {0740-7459},
  publisher = {IEEE Computer Society}
}

@MISC{merrill:ajaxbandwidth,
  author = {Christopher L Merrill},
  title = {Using {A}jax to Improve the Bandwidth Performance of Web Applications},
  year = {2006},
  note = {\url{http://www.webperformanceinc.com/library/reports/AjaxBandwidth/}}
}

@INPROCEEDINGS{mesbah:icse07,
  author = {Ali Mesbah},
  title = {Ajaxifying Classic Web Applications},
  booktitle = {Proceedings of the 29th International Conference on Software Engineering,
	Doctoral Symposium (ICSE'07)},
  year = {2007},
  pages = {81--82},
  publisher = {IEEE Computer Society},
  doi = {http://dx.doi.org/10.1109/ICSECOMPANION.2007.19},
  isbn = {0-7695-2892-9}
}

@INPROCEEDINGS{mesbah:migrate07,
  author = {A. Mesbah and } # arie,
  title = {Migrating Multi-page Web Applications to Single-page {A}jax Interfaces},
  booktitle = {Proc. 11th Eur. Conf. on Sw. Maintenance and Reengineering (CSMR'07)},
  year = {2007},
  pages = {181--190},
  publisher = {IEEE Computer Society}
}

@INPROCEEDINGS{mesbah:wicsa07,
  author = {A. Mesbah and } # arie,
  title = {An Architectural Style for {A}jax},
  booktitle = {Proceedings of the 6th Working IEEE/IFIP Conference on Software Architecture
	(WICSA'07)},
  year = {2007},
  pages = {44--53},
  publisher = {IEEE Computer Society}
}

@INPROCEEDINGS{mesbah:ccc,
  author = {A. Mesbah and } # arie,
  title = {Crosscutting Concerns in {J2EE} Applications},
  booktitle = {Proceedings of the 7th International Symposium on Web Site Evolution
	(WSE'05)},
  year = {2005},
  pages = {14--21},
  publisher = {IEEE Computer Society},
  doi = {http://dx.doi.org/10.1109/WSE.2005.4},
  isbn = {0-7695-2470-2}
}

@TECHREPORT{mesbah:tech,
  author = {A. Mesbah and } # arie,
  title = {Crosscutting Concerns in {J2EE} Applications},
  institution = {CWI},
  year = {2005},
  number = {SEN-R0513}
}

@INPROCEEDINGS{mesbah:icwe08,
  author = {Ali Mesbah and Engin Bozdag and Arie van Deursen},
  title = {Crawling {A}jax by Inferring User Interface State Changes},
  booktitle = {Proc. of the 8th Int. Conference on Web Engineering (ICWE'08)},
  year = {2008},
  pages = {122--134},
  publisher = {IEEE Computer Society}
}

@TECHREPORT{mesbah:spiar,
  author = {Ali Mesbah and Kees Broenink and Arie van Deursen},
  title = {{SPIAR}: An Architectural Style for Single Page {I}nternet Applications},
  institution = {CWI},
  year = {2006},
  number = {SEN-R0603}
}

@INPROCEEDINGS{mesbah:icse09,
  author = {Ali Mesbah and Arie van Deursen},
  title = {Invariant-Based Automatic Testing of {A}jax User Interfaces},
  booktitle = {Proc. of the 31st Int. Conference on Software Engineering
	(ICSE'09)},
  year = {2009},
  pages = {210--220},
  publisher = {IEEE Computer Society}
}

@TECHREPORT{mesbah:expose,
  author = {Ali Mesbah and Arie van Deursen},
  title = {Exposing the Hidden-Web Induced by {A}jax},
  institution = {Delft University of Technology},
  year = {2008},
  number = {TUD-SERG-2008-001}
}

@ARTICLE{mesbah:jss08,
  author = {Ali Mesbah and Arie van Deursen},
  title = {A Component- and Push-based Architectural Style for {A}jax Applications},
  journal = {Journal of Systems and Software},
  year = {2008},
  volume = {81},
  pages = {2194-2209},
  number = {12}
}

@ARTICLE{mesbah:informatie06,
  author = {A. Mesbah and A. van Deursen},
  title = {De Architectuur van {A}jax Ontrafeld},
  journal = {Informatie},
  year = {2006},
  volume = {12},
  pages = {50-56},
  number = {10},
  month = {dec}
}

@TECHREPORT{mesbah:se016,
  author = {Ali Mesbah and Arie van Deursen},
  title = {An Architectural Style for {Ajax}},
  institution = {Delft Univ. of Technology},
  year = {2006},
  number = {TUD-SERG-2006-016}
}

@BOOK{owasp,
  title = {OWASP Testing Guide, v2},
  publisher = {OWASP Foundation},
  year = {2007},
  author = {Matteo Meucci}
}

@ARTICLE{Meyer:2008,
  author = {B. Meyer},
  title = {Seven Principles of Software Testing},
  journal = {IEEE Computer},
  year = {2008},
  volume = {41},
  pages = {99--101},
  number = {8},
  month = {August}
}

@INPROCEEDINGS{mogul:delta,
  author = {J. C. Mogul and F. Douglis and A. Feldmann and B. Krishnamurthy},
  title = {Potential benefits of delta encoding and data compression for {HTTP}},
  booktitle = {ACM SIGCOMM Conf. on Applications, technologies, architectures, and
	protocols for computer communication},
  year = {1997},
  pages = {181--194},
  publisher = {ACM}
}

@INPROCEEDINGS{monroe:style,
  author = {Robert T. Monroe and David Garlan},
  title = {Style-Based Reuse for Software Architectures},
  booktitle = {ICSR '96: 4th International Conference on Software Reuse},
  year = {1996},
  pages = {84--93 },
  publisher = {IEEE Computer Society},
  isbn = {0-8186-7301-X}
}

@PHDTHESIS{Moo02,
  author = {L. Moonen},
  title = {Exploring Software Systems},
  school = {Faculty of Natural Sciences, Mathematics, and Computer Science, University
	of Amsterdam},
  year = {2002},
  month = dec,
  isbn = {90 5776 094 0}
}

@INPROCEEDINGS{morell:fault,
  author = {Morell, L.J.},
  title = {Theoretical insights into fault-based testing},
  booktitle = {Proc. 2nd Workshop on Software Testing, Verification, and Analysis},
  year = {1988},
  pages = {45--62}
}

@ARTICLE{muehlen:restsoap,
  author = {Michael zur Muehlen and Jeffrey V. Nickerson and Keith D. Swenson},
  title = {Developing web services choreography standards: the case of {REST}
	vs. {SOAP}},
  journal = {Decis. Support Syst.},
  year = {2005},
  volume = {40},
  pages = {9--29},
  number = {1},
  doi = {http://dx.doi.org/10.1016/j.dss.2004.04.008},
  issn = {0167-9236},
  publisher = {Elsevier Science Publishers}
}

@INPROCEEDINGS{J2EEAJ,
  author = {Murali, T. and Pawlak, R. and Younessi, H.},
  title = {Applying Aspect Orientation to {J2EE} Business Tier Patterns},
  booktitle = {Proc. of the 3rd AOSD Workshop on Aspects, Components, and Patterns
	for Infrastructure Software (ACP4IS)},
  year = {2004},
  editor = {Y. Coady and D. Lorenz},
  address = {Victoria, Canada},
  publisher = {University of Victoria}
}

@ARTICLE{web:engineering,
  author = {S. Murugesan and Y. Deshpande and S. Hansen and A. Ginige},
  title = {Web engineering: a new discipline for development of Web-based systems},
  journal = {Web Engineering},
  year = {2001},
  volume = {2016},
  pages = {3--13},
  number = {0},
  publisher = {Lecture Notes in Computer Science, Springer}
}

@INPROCEEDINGS{naaman:delta,
  author = {Mor Naaman and Hector Garcia-Molina and Andreas Paepcke},
  title = {Evaluation of {ESI} and class-based delta encoding},
  booktitle = {8th International Workshop Web content caching and distribution},
  year = {2004},
  pages = {323--343},
  publisher = {Kluwer Academic Publishers},
  isbn = {1-4020-2257-3}
}

@INPROCEEDINGS{naccache:icwe07ajax,
  author = {Henri Naccache and Gerald C. Gannod},
  title = {A Self-Healing Framework for Web Services},
  booktitle = {Proceedings of the IEEE International Conference on Web Services
	(ICWS 2007)},
  year = {2007},
  pages = {398-345},
  publisher = {IEEE Computer Society}
}

@MISC{dynamic-documents,
  author = {Netscape},
  title = {An Exploration of Dynamic Documents},
  howpublished = {\url{http://hoolan.net/spec/WWW/pushpull/}},
  year = {1995}
}

@BOOK{newman:eventdriven,
  title = {Principles of Interactive Computer Graphics},
  publisher = {McGraw-Hill},
  year = {1979},
  author = {W. M. Newman and R. F. Sproull},
  note = {2nd Edition}
}

@MISC{echo2,
  author = {NextApp},
  title = {Echo2 release 2.0.0},
  year = {December 2005}
}

@INPROCEEDINGS{ntoulas:hiddenweb,
  author = {Alexandros Ntoulas and Petros Zerfos and Junghoo Cho},
  title = {Downloading textual hidden web content through keyword queries},
  booktitle = {JCDL '05: Proceedings of the 5th ACM/IEEE-CS joint conference on
	Digital libraries},
  year = {2005},
  pages = {100--109},
  publisher = {ACM Press},
  doi = {http://doi.acm.org/10.1145/1065385.1065407},
  isbn = {1-58113-876-8}
}

@MISC{web2,
  author = {Tim O'Reilly},
  title = {What Is {Web 2.0}: Design Patterns and Business Models for the Next
	Generation of Software},
  howpublished = {Oreillynet},
  year = {2005},
  note = {\url{http://www.oreillynet.com/pub/a/oreilly/tim/news/2005/09/30/what-is-web-20.html}}
}

@ARTICLE{offutt:quality,
  author = {Jeff Offutt},
  title = {Quality Attributes of Web Software Applications},
  journal = {IEEE Softw.},
  year = {2002},
  volume = {19},
  pages = {25--32},
  number = {2},
  doi = {http://dx.doi.org/10.1109/52.991329},
  issn = {0740-7459},
  publisher = {IEEE Computer Society Press}
}

@INPROCEEDINGS{offutt:bypass,
  author = {Jeff Offutt and Ye Wu and Xiaochen Du and Hong Huang},
  title = {Bypass Testing of Web Applications},
  booktitle = {ISSRE '04: Proceedings of the 15th International Symposium on Software
	Reliability Engineering},
  year = {2004},
  pages = {187--197},
  publisher = {IEEE Computer Society},
  doi = {http://dx.doi.org/10.1109/ISSRE.2004.13},
  isbn = {0-7695-2215-7}
}

@INPROCEEDINGS{paganelli:user-interaction,
  author = {Laila Paganelli and Fabio Patern\&\#242;},
  title = {Intelligent analysis of user interactions with web applications},
  booktitle = {IUI '02: 7th international conference on Intelligent user interfaces},
  year = {2002},
  pages = {111--118},
  publisher = {ACM Press},
  doi = {http://doi.acm.org/10.1145/502716.502735},
  isbn = {1-58113-459-2}
}

@INPROCEEDINGS{paganelli:interaction-design,
  author = {L. Paganelli and F. Paterno},
  title = {Automatic reconstruction of the underlying interaction design of
	web applications},
  booktitle = {SEKE '02: 14th international conference on Software engineering and
	knowledge engineering},
  year = {2002},
  pages = {439--445},
  publisher = {ACM Press},
  doi = {http://doi.acm.org/10.1145/568760.568836},
  isbn = {1-58113-556-4}
}

@INPROCEEDINGS{odys:component,
  author = {Odysseas Papapetrou and George A. Papadopoulos},
  title = {Aspect Oriented Programming for a component-based real life application:
	a case study},
  booktitle = {SAC '04: Proceedings of the 2004 ACM Symposium on Applied Computing},
  year = {2004},
  pages = {1554--1558},
  publisher = {ACM Press}
}

@INPROCEEDINGS{parnas:aging,
  author = {David Lorge Parnas},
  title = {Software aging},
  booktitle = {Proceedings of the 16th international conference on Software engineering
	(ICSE'94)},
  year = {1994},
  pages = {279--287},
  publisher = {IEEE Computer Society Press},
  isbn = {0-8186-5855-X}
}

@INPROCEEDINGS{parsons:evolweb,
  author = {D. Parsons},
  title = {Evolving Architectural Patterns For Web Applications},
  booktitle = {Proceedings of the 11th Pacific Asia Conference on Information Systems
	(PACIS)},
  year = {2007},
  pages = {120--126}
}

@ARTICLE{Paul96,
  author = {Paul, S.and Prakash, A.},
  title = {A query algebra for program databases},
  journal = {IEEE Transactions on Software Engineering},
  year = {1996},
  volume = {22},
  pages = {202--217},
  number = {3}
}

@ARTICLE{linda:ajax,
  author = {L. Paulson},
  title = {Building {R}ich {W}eb {A}pplications with {A}jax},
  journal = {Computer},
  year = {2005},
  volume = {38},
  pages = {14-17},
  number = {10},
  publisher = {IEEE Computer Society Press}
}

@ARTICLE{perry:arch,
  author = {Dewayne E. Perry and Alexander L. Wolf},
  title = {Foundations for the study of software architecture},
  journal = {SIGSOFT Softw. Eng. Notes},
  year = {1992},
  volume = {17},
  pages = {40--52},
  number = {4},
  address = {New York, NY, USA},
  doi = {http://doi.acm.org/10.1145/141874.141884},
  issn = {0163-5948},
  publisher = {ACM Press}
}

@PHDTHESIS{phanouriou:uiml,
  author = {Constantinos Phanouriou},
  title = {{UIML}: a device-independent user interface markup language},
  year = {2000},
  note = {Chair-Marc Abrams},
  isbn = {0-599-98462-7},
  order_no = {AAI9991276}
}

@INPROCEEDINGS{phillips:usecase,
  author = {Chris Phillips and Elizabeth Kemp and Sai Mei Kek},
  title = {Extending {UML} Use Case Modelling to Support Graphical User Interface
	Design},
  booktitle = {ASWEC '01: 13th Australian Conference on Software Engineering},
  year = {2001},
  pages = {48},
  publisher = {IEEE Computer Society}
}

@INPROCEEDINGS{ping:refactor,
  author = {Yu Ping and Kostas Kontogiannis},
  title = {Refactoring Web sites to the Controller-Centric Architecture},
  booktitle = {CSMR '04: 8th European Working Conference on Software Maintenance
	and Reengineering},
  year = {2004},
  pages = {204},
  publisher = {IEEE Computer Society},
  isbn = {0-7695-2107-X}
}

@MISC{zk,
  author = {Potix},
  title = {{ZK} release 1.0.0-rc6},
  year = {January 2006}
}

@ARTICLE{potts:serevisited,
  author = {Colin Potts},
  title = {Software-Engineering Research Revisited},
  journal = {IEEE Softw.},
  year = {1993},
  volume = {10},
  pages = {19--28},
  number = {5},
  doi = {http://dx.doi.org/10.1109/52.232392},
  issn = {0740-7459},
  publisher = {IEEE Computer Society Press}
}

@INPROCEEDINGS{preciado:ria,
  author = {J. C. Preciado and M. Linaje and F. Sanchez and S. Comai},
  title = {Necessity of methodologies to model Rich Internet Applications},
  booktitle = {WSE '05: Proceedings of the 7th IEEE International Symposium on Web
	Site Evolution},
  year = {2005},
  pages = {7--13},
  publisher = {IEEE Computer Society},
  doi = {http://dx.doi.org/10.1109/WSE.2005.10},
  isbn = {0-7695-2470-2}
}

@INPROCEEDINGS{psounis:delta,
  author = {Konstantinos Psounis},
  title = {Class-based delta-encoding: a scalable scheme for caching dynamic
	{W}eb content},
  booktitle = {22nd International Conference on Distributed Computing Systems Workshops},
  year = {2002}
}

@INPROCEEDINGS{puder:ajax,
  author = {Arno Puder},
  title = {A Code Migration Framework for {A}jax Applications},
  booktitle = {DAIS '06: 6th International Conference on Distributed Applications
	and Interoperable Systems},
  year = {2006},
  pages = {138--151},
  publisher = {LNCS, Springer}
}

@INPROCEEDINGS{puerta:ximl,
  author = {Angel Puerta and Jacob Eisenstein},
  title = {{XIML}: a common representation for interaction data},
  booktitle = {IUI '02: 7th international conference on Intelligent user interfaces},
  year = {2002},
  pages = {214--215},
  publisher = {ACM Press},
  doi = {http://doi.acm.org/10.1145/502716.502763},
  isbn = {1-58113-459-2}
}

@INPROCEEDINGS{raghavan:hiddenweb,
  author = {Sriram Raghavan and Hector Garcia-Molina},
  title = {Crawling the Hidden Web},
  booktitle = {VLDB '01: Proceedings of the 27th International Conference on Very
	Large Data Bases},
  year = {2001},
  pages = {129--138},
  publisher = {Morgan Kaufmann Publishers Inc.},
  isbn = {1-55860-804-4}
}

@INPROCEEDINGS{rajapakse:clone,
  author = {Damith C. Rajapakse and Stan Jarzabek},
  title = {An Investigation of Cloning in Web Applications},
  booktitle = {ICWE '05: 5th International Conference on Web Engineering},
  year = {2005},
  pages = {252 - 262},
  publisher = {Springer}
}

@INPROCEEDINGS{rashid:persis,
  author = {Awais Rashid and Ruzanna Chitchyan},
  title = {Persistence as an aspect},
  booktitle = {AOSD '03: Proceedings of the 2nd international conference on Aspect-oriented
	software development},
  year = {2003},
  pages = {120-129},
  publisher = {ACM Press}
}

@ARTICLE{reis:tweb,
  author = {Charles Reis and John Dunagan and Helen J. Wang and Opher Dubrovsky
	and Saher Esmeir},
  title = {BrowserShield: Vulnerability-driven filtering of dynamic {HTML}},
  journal = {ACM Trans. Web},
  year = {2007},
  volume = {1},
  pages = {11},
  number = {3},
  publisher = {ACM}
}

@PHDTHESIS{ricca:phd,
  author = {Filippo Ricca},
  title = {Analysis, Testing and Re-structuring of Web Applications},
  school = {University of Genova (DISI)},
  year = {2003},
  month = July
}

@INPROCEEDINGS{ricca:uml06,
  author = {Filippo Ricca and Di Penta, Massimiliano and Marco Torchiano and
	Paolo Tonella and Mariano Ceccato},
  title = {An empirical study on the usefulness of {C}onallen's stereotypes
	in Web application comprehension},
  booktitle = {WSE '06: 8th IEEE International Symposium on Web Site Evolution},
  year = {2006},
  pages = {58--68},
  publisher = {IEEE Computer Society},
  doi = {http://dx.doi.org/10.1109/WSE.2006.3},
  isbn = {0-7695-2696-9}
}

@INPROCEEDINGS{rica:wse05,
  author = {Filippo Ricca and Paolo Tonella},
  title = {Web Testing: a Roadmap for the Empirical Research},
  booktitle = {WSE '05: Proceedings of the 7th IEEE International Symposium on Web
	Site Evolution},
  year = {2005},
  pages = {63--70},
  publisher = {IEEE Computer Society},
  doi = {http://dx.doi.org/10.1109/WSE.2005.23},
  isbn = {0-7695-2470-2}
}

@INPROCEEDINGS{ricca:cluster,
  author = {Filippo Ricca and Paolo Tonella},
  title = {Using Clustering to Support the Migration from Static to Dynamic
	Web Pages},
  booktitle = {IWPC '03: 11th IEEE International Workshop on Program Comprehension},
  year = {2003},
  pages = {207},
  publisher = {IEEE Computer Society},
  isbn = {0-7695-1883-4}
}

@INPROCEEDINGS{ricca:reweb,
  author = {Filippo Ricca and Paolo Tonella},
  title = {Analysis and testing of Web applications},
  booktitle = {Proc. 23rd Int. Conf. on Sw. Eng. (ICSE'01)},
  year = {2001},
  pages = {25--34},
  publisher = {IEEE Computer Society},
  isbn = {0-7695-1050-7},
  location = {Toronto, Ontario, Canada}
}

@INPROCEEDINGS{ricca:empcluster,
  author = {Filippo Ricca and Paolo Tonella and Christian Girardi and Emanuele
	Pianta},
  title = {An Empirical Study on Keyword-based Web Site Clustering},
  booktitle = {IWPC '04: 12th IEEE International Workshop on Program Comprehension},
  year = {2004},
  pages = {204},
  publisher = {IEEE Computer Society},
  isbn = {0-7695-2149-5}
}

@INPROCEEDINGS{thompson:fault-detect,
  author = {Richardson, D.J. and Thompson, M.C.},
  title = {The {RELAY} model of error detection and its application},
  booktitle = {Proc. 2nd Workshop on Software Testing, Verification, and Analysis},
  year = {1988},
  pages = {223--230}
}

@INPROCEEDINGS{RM2002,
  author = {M.P. Robillard and G.C. Murphy},
  title = {Concern Graphs: Finding and Describing Concerns},
  booktitle = {Proc. Int. Conf. on Software Engineering (ICSE)},
  year = {2002},
  publisher = {IEEE}
}

@INPROCEEDINGS{RobMurph02,
  author = {Robillard, M.P. and Murphy, G.C.},
  title = {Concern graphs: Finding and describing concerns using structural
	program dependencies},
  booktitle = {24th International Conference on Software Engineering (ICSE)},
  year = {2002},
  address = {Boston, MA},
  publisher = {ACM press}
}

@INPROCEEDINGS{rosenblum:event97,
  author = {Rosenblum, David S. and Wolf, Alexander L.},
  title = {A design framework for Internet-scale event observation and notification},
  booktitle = {ESEC/FSE '97: Proceedings of the 6th European conference held jointly
	with the 5th ACM SIGSOFT international symposium on Foundations of
	software engineering},
  year = {1997},
  pages = {344--360},
  publisher = {Springer-Verlag New York, Inc.},
  doi = {http://doi.acm.org/10.1145/267895.267920},
  isbn = {3-540-63531-9}
}

@INPROCEEDINGS{rossi:nav,
  author = {Gustavo Rossi and Daniel Schwabe and Fernando Lyardet},
  title = {Improving Web information systems with navigational patterns},
  booktitle = {WWW '99: 8th international conference on World Wide Web},
  year = {1999},
  pages = {1667--1678},
  publisher = {Elsevier North-Holland, Inc.},
  doi = {http://dx.doi.org/10.1016/S1389-1286(99)00015-8}
}

@MISC{ruderman:sop,
  author = {Jesse Ruderman},
  title = {The {S}ame {O}rigin {P}olicy},
  howpublished = {\url{http://www.mozilla.org/projects/security/components/same-origin.html}},
  year = {2001}
}

@MISC{alex:comet,
  author = {Alex Russell},
  title = {Comet: Low latency data for the browser},
  howpublished = {\url{http://alex.dojotoolkit.org/?p=545}},
  year = {2006}
}

@MISC{bayeux,
  author = {Alex Russell and Greg Wilkins and David Davis},
  title = {Bayeux - A {JSON} Protocol For Publish/Subscribe Event Delivery Protocol,
	0.1draft3},
  howpublished = {\url{http://svn.xantus.org/shortbus/trunk/bayeux/bayeux.html}},
  year = {2007}
}

@INPROCEEDINGS{stroulia:ajax,
  author = {Hani Samir and Eleni Stroulia and Amr Kamel},
  title = {Swing2Script: Middleware for migrating {D}esktop {J}ava applications
	to {A}jax {W}eb applications},
  booktitle = {WCRE '07: Proceedings of the 11th IEEE Working Conference on Reverse
	Engineering},
  year = {2007},
  publisher = {IEEE Computer Society}
}

@INPROCEEDINGS{sampath:icst08,
  author = {Sreedevi Sampath and Ren�e Bryce and Gokulanand Viswanath and Vani
	Kandimalla and Koru, A. G�nes},
  title = {Prioritizing User-Session-Based Test Cases for Web Application Testing},
  booktitle = {Proceedings of the 1st International Conference on Software Testing,
	Verification, and Validation (ICST'08)},
  year = {2008},
  pages = {141--150},
  publisher = {IEEE Computer Society}
}

@INPROCEEDINGS{sampath:ase04,
  author = {Sreedevi Sampath and Valentin Mihaylov and Amie Souter and Lori Pollock},
  title = {A Scalable Approach to User-Session based Testing of Web Applications
	through Concept Analysis},
  booktitle = {ASE '04: Proceedings of the 19th IEEE international conference on
	Automated software engineering},
  year = {2004},
  pages = {132--141},
  publisher = {IEEE Computer Society},
  doi = {http://dx.doi.org/10.1109/ASE.2004.6},
  isbn = {0-7695-2131-2}
}

@INPROCEEDINGS{schauerhuber:mda,
  author = {Andrea Schauerhuber and Manuel Wimmer and Elisabeth Kapsammer},
  title = {Bridging existing Web modeling languages to model-driven engineering:
	a metamodel for WebML},
  booktitle = {ICWE '06: Workshop proceedings of the sixth international conference
	on Web engineering},
  year = {2006},
  pages = {5},
  publisher = {ACM Press},
  doi = {http://doi.acm.org/10.1145/1149993.1149999},
  isbn = {1-59593-435-9}
}

@MISC{schiemann07,
  author = {Dylan Schiemann},
  title = {The forever-frame technique},
  howpublished = {\url{http://cometdaily.com/2007/11/05/the-forever-frame-technique}},
  year = {2007}
}

@ARTICLE{schmidt:mde,
  author = {Douglas C. Schmidt},
  title = {Model-Driven Engineering},
  journal = {Computer},
  year = {2006},
  volume = {39},
  pages = {25--31},
  number = {2},
  doi = {http://dx.doi.org/10.1109/MC.2006.58},
  publisher = {IEEE Computer Society Press}
}

@INPROCEEDINGS{scott:www02,
  author = {David Scott and Richard Sharp},
  title = {Abstracting application-level web security},
  booktitle = {Proceedings of the 11th international conference on World Wide Web
	(WWW'02)},
  year = {2002},
  pages = {396--407},
  address = {New York, NY, USA},
  publisher = {ACM}
}

@BOOK{shaw:book96,
  title = {Software Architecture: Perspectives on an Emerging Discipline},
  publisher = {Prentice Hall},
  year = {1996},
  author = {Shaw, Mary and Garlan, David}
}

@INPROCEEDINGS{shelly:ajaxacces,
  author = {Shelly, Cynthia C. and George Young},
  title = {Accessibility for simple to moderate-complexity {DHTML} web sites},
  booktitle = {W4A '07: Proceedings of the 2007 international cross-disciplinary
	conference on Web accessibility},
  year = {2007},
  pages = {65--73},
  publisher = {ACM Press},
  doi = {http://doi.acm.org/10.1145/1243441.1243460},
  isbn = {1-59593-590-X}
}

@INPROCEEDINGS{SGP04,
  author = {Shepherd, D. and Gibson, E. and Pollock, L.},
  title = {Design and Evaluation of an Automated Aspect Mining Tool},
  booktitle = {Software Engineering Research and Practice},
  year = {2004},
  pages = {601-607},
  address = {Las Vegas, NV},
  publisher = {CSREA Press}
}

@INPROCEEDINGS{Timna04,
  author = {Shepherd, D. and Palm, J. and Pollock, L.},
  title = {Fast Prototyping and Evaluation of Aspect Mining Analyses via {Timna}},
  booktitle = {Proceedings WCRE Workshop on Aspect Reverse Engineering (WARE)},
  year = {2004},
  address = {Amsterdam, The Netherlands},
  publisher = {CWI}
}

@MISC{blueprints,
  author = {Inderjeet Singh and Beth Stearns and Mark Johnson},
  title = {Designing {E}nterprise {A}pplications with the {J}2{EE} {P}latform,
	{S}econd {E}dition},
  howpublished = {Java BluePrints Guidelines},
  note = {\url{java.sun.com/blueprints/guidelines}},
  url = {http://java.sun.com/blueprints/guidelines/designing_enterprise_applications_2e}
}

@ARTICLE{sinha:clientserver,
  author = {Alok Sinha},
  title = {Client-server computing},
  journal = {Communications of the {ACM}},
  year = {1992},
  volume = {35},
  pages = {77--98},
  number = {7},
  publisher = {ACM Press}
}

@INPROCEEDINGS{1254730,
  author = {Dag I. K. Sjoberg and Tore Dyba and Magne Jorgensen},
  title = {The Future of Empirical Methods in Software Engineering Research},
  booktitle = {2007 Future of Software Engineering (FOSE'07)},
  year = {2007},
  pages = {358--378},
  publisher = {IEEE Computer Society},
  doi = {http://dx.doi.org/10.1109/FOSE.2007.30},
  isbn = {0-7695-2829-5}
}

@INPROCEEDINGS{slowik:comparison,
  author = {P. Slowikowski and K. Zielinski},
  title = {Comparison Study of Aspect-Oriented and Container Managed Security},
  booktitle = { AAOS2003: Analysis of Aspect Oriented Software. Workshop held in
	conjunction with ECOOP},
  year = {2003}
}

@ARTICLE{smullen:ajaxperform,
  author = {Smullen III, Clinton W. and Stephanie A. Smullen},
  title = {An Experimental Study of AJAX Application Performance},
  journal = {Journal of Software},
  year = {March 2008},
  volume = {3},
  pages = {30--37},
  number = {3},
  publisher = {Academy Publisher}
}

@INPROCEEDINGS{sergio:persist,
  author = {Sergio Soares and Eduardo Laureano and Paulo Borba},
  title = {Implementing distribution and persistence aspects with {A}spect{J}},
  booktitle = {OOPSLA '02: Proceedings of the 17th ACM SIGPLAN conference on Object-oriented
	programming, systems, languages, and applications},
  year = {2002},
  pages = {174--190},
  publisher = {ACM Press}
}

@BOOK{sommerville:se,
  title = {Software Engineering},
  publisher = {Addison-Wesley Longman Publishing Co., Inc.},
  year = {2007},
  author = {Ian Sommerville},
  edition = {8},
  isbn = {0201175681}
}

@INPROCEEDINGS{sonntag:ajax-security,
  author = {Michael Sonntag},
  title = {{Ajax} Security in Groupware},
  booktitle = {Proceedings of the 32nd EUROMICRO Conference on Software Engineering
	and Advanced Applications (EUROMICRO'06)},
  year = {2006},
  pages = {472--479},
  publisher = {IEEE Computer Society}
}

@INPROCEEDINGS{sousa:aura,
  author = {Jo\&\#227;o Pedro Sousa and David Garlan},
  title = {Aura: an Architectural Framework for User Mobility in Ubiquitous
	Computing Environments},
  booktitle = {WICSA 3: IFIP 17th World Computer Congress - TC2 Stream / 3rd IEEE/IFIP
	Conference on Software Architecture},
  year = {2002},
  pages = {29--43},
  publisher = {Kluwer, B.V.},
  isbn = {1-4020-7176-0}
}

@INPROCEEDINGS{sprenkle:replayweb,
  author = {Sara Sprenkle and Emily Gibson and Sreedevi Sampath and Lori Pollock},
  title = {Automated replay and failure detection for web applications},
  booktitle = {ASE'05: Proc. 20th IEEE/ACM Int. Conf. on Automated Sw. Eng.},
  year = {2005},
  pages = {253--262},
  publisher = {ACM},
  doi = {http://doi.acm.org/10.1145/1101908.1101947},
  isbn = {1-59593-993-4}
}

@INPROCEEDINGS{sprenkle:oracle,
  author = {Sara Sprenkle and Lori Pollock and Holly Esquivel and Barbara Hazelwood
	and Stacey Ecott},
  title = {Automated Oracle Comparators for Testing Web Applications},
  booktitle = {Proc. 18th IEEE Int. Symp. on Sw. Reliability (ISSRE'07)},
  year = {2007},
  pages = {117--126},
  publisher = {IEEE Computer Society},
  doi = {http://dx.doi.org/10.1109/ISSRE.2007.4},
  isbn = {0-7695-3024-9}
}

@INPROCEEDINGS{sprenkle:session,
  author = {Sara Sprenkle and Sreedevi Sampath and Emily Gibson and Lori Pollock
	and Amie Souter},
  title = {An Empirical Comparison of Test Suite Reduction Techniques for User-Session-Based
	Testing of Web Applications},
  booktitle = {ICSM '05: Proceedings of the 21st IEEE International Conference on
	Software Maintenance},
  year = {2005},
  pages = {587--596},
  publisher = {IEEE Computer Society},
  doi = {http://dx.doi.org/10.1109/ICSM.2005.18},
  isbn = {0-7695-2368-4}
}

@INPROCEEDINGS{temporal-coherency,
  author = {R. Srinivasan and C. Liang and K. Ramamritham},
  title = {Maintaining Temporal Coherency of Virtual Data Warehouses},
  booktitle = {Proceedings of the IEEE Real-Time Systems Symposium (RTSS'98)},
  year = {1998},
  pages = {60},
  publisher = {IEEE Computer Society}
}

@INPROCEEDINGS{paola:ccc06,
  author = {Stefano Di Paola, Giorgio Fedon},
  title = {Subverting {Ajax}},
  booktitle = {23rd Chaos Communication Congress},
  year = {2006}
}

@ARTICLE{stepien:sttt08,
  author = {Bernard Stepien and Liam Peyton and Pulei Xiong},
  title = {Framework testing of web applications using {TTCN}-3},
  journal = {Int. Journal on Software Tools for Technology Transfer},
  year = {2008},
  volume = {10},
  pages = {371--381},
  number = {4},
  publisher = {Springer Berlin}
}

@ARTICLE{stroulia:ui,
  author = {E. Stroulia and M. El-Ramly and P. Iglinski and P. Sorenson},
  title = {User Interface Reverse Engineering in Support of Interface Migration
	to the Web},
  journal = {Automated Software Eng.},
  year = {2003},
  volume = {10},
  pages = {271--301},
  number = {3},
  doi = {http://dx.doi.org/10.1023/A:1024460315173},
  issn = {0928-8910},
  publisher = {Kluwer Academic Publishers}
}

@INPROCEEDINGS{suryanarayana:pace,
  author = {Girish Suryanarayana and Justin R. Erenkrantz and Scott A. Hendrickson
	and Richard N. Taylor},
  title = {{PACE}: An Architectural Style for Trust Management in Decentralized
	Applications},
  booktitle = {Proceedings of the 4th Working IEEE/IFIP Conference on Software Architecture
	(WICSA'04)},
  year = {2004},
  pages = {221},
  publisher = {IEEE Computer Society},
  isbn = {0-7695-2172-X}
}

@INPROCEEDINGS{dean:islandg,
  author = {Nikita Synytskyy and James R. Cordy and Thomas R. Dean},
  title = {Robust multilingual parsing using island grammars},
  booktitle = {CASCON '03: Proceedings of the 2003 conference of the Centre for
	Advanced Studies on Collaborative research},
  year = {2003},
  pages = {266--278},
  publisher = {IBM Press}
}

@BOOK{Cook79,
  title = {Quasi\-Experimentation \- Design and Analysis Issues for Field Settings},
  publisher = {Houghton Mifflin Company},
  year = {1979},
  author = {T.D.Cook and D.T.Campbell}
}

@TECHREPORT{PUMA04,
  author = {Tarr, P. and Harrison, W. and Ossher, H.},
  title = {Pervasive Query Support in the Concern Manipulation Environment},
  institution = {IBM Research},
  year = {2004},
  number = {RC23343 (W0409-135)},
  month = September
}

@ARTICLE{taylor:gui,
  author = {R. N. Taylor and N. Medvidovic and K. M. Anderson and E. J. Whitehead,
	Jr. and J. E. Robbins and K. A. Nies and P. Oreizy and D. L. Dubrow},
  title = {A Component- and Message-Based Architectural Style for {GUI} Software},
  journal = {IEEE Trans. Softw. Eng.},
  year = {1996},
  volume = {22},
  pages = {390--406},
  number = {6},
  doi = {http://dx.doi.org/10.1109/32.508313},
  issn = {0098-5589},
  publisher = {IEEE Press}
}

@ARTICLE{teo:userinter,
  author = {Hock-Hai Teo and Lih-Bin Oh and Chunhui Liu and Kwok-Kee Wei},
  title = {An empirical study of the effects of interactivity on web user attitude},
  journal = {Int. J. Hum.-Comput. Stud.},
  year = {2003},
  volume = {58},
  pages = {281--305},
  number = {3},
  address = {Duluth, MN, USA},
  doi = {http://dx.doi.org/10.1016/S1017-5819(03)00008-9},
  issn = {1071-5819},
  publisher = {Academic Press, Inc.}
}

@ARTICLE{Thiemann:dsl,
  author = {Peter Thiemann},
  title = {An embedded domain-specific language for type-safe server-side web
	scripting},
  journal = {ACM Trans. Inter. Tech.},
  year = {2005},
  volume = {5},
  pages = {1--46},
  number = {1},
  publisher = {ACM Press}
}

@INPROCEEDINGS{thompson:issta93,
  author = {Margaret C. Thompson and Debra J. Richardson and Lori A. Clarke},
  title = {An information flow model of fault detection},
  booktitle = {Proceedings of the 1993 ACM SIGSOFT international symposium on Software testing and analysis (ISSTA'93)},
  year = {1993},
  pages = {182--192},
  publisher = {ACM},
  doi = {http://doi.acm.org/10.1145/154183.154270},
  isbn = {0-89791-608-5}
}

@MISC{Tirsen2004,
  author = {J. Tirsen},
  title = {Undo in {AspectJ}},
  howpublished = {Codehause Jutopia discussion forum},
  month = {April 25},
  year = {2004},
  note = {\url{blogs.codehause.org}},
  url = {http://blogs.codehaus.org/people/tirsen/archives/000690_undo_in_aspectj.html}
}

@INPROCEEDINGS{paolo:migrate,
  author = {Paolo Tonella and Mariano Ceccato},
  title = {Migrating Interface Implementation to Aspects},
  booktitle = {Proc. 20th IEEE Int. Conf. on Software Maintenance (ICSM'04)},
  year = {2004},
  pages = {220--229},
  publisher = {IEEE Computer Society}
}

@INPROCEEDINGS{TonCec04,
  author = {Tonella, P. and Ceccato, M.},
  title = {Migrating interface implementation to Aspect Oriented Programming},
  booktitle = {Proceedings International Conference on Software Maintenance (ICSM
	2004)},
  year = {2004},
  pages = {220--229},
  address = {Los Alamitos, CA},
  publisher = {IEEE Computer Society}
}

@INPROCEEDINGS{tonella2004,
  author = {P. Tonella and M. Ceccato},
  title = {Aspect Mining through the Formal Concept Analysis of Execution Traces},
  booktitle = {Proc. of the 11th IEEE Working Conference on Reverse Engineering
	(WCRE 2004)},
  year = {2004},
  address = {Delft, The Netherlands},
  month = {November},
  publisher = {IEEE Computer Society}
}

@ARTICLE{tonella:webtesting,
  author = {Paolo Tonella and Filippo Ricca},
  title = {Statistical testing of web applications},
  journal = {J. Softw. Maint. Evol.},
  year = {2004},
  volume = {16},
  pages = {103--127},
  number = {1-2},
  address = {New York, NY, USA},
  doi = {http://dx.doi.org/10.1002/smr.284},
  issn = {1532-060X},
  publisher = {John Wiley \& Sons, Inc.}
}

@INPROCEEDINGS{tonella:wse03,
  author = {Tonella, P. and Ricca, F. and Pianta, E. and Girardi, C. and Di Lucca,
	G. and A. R. Fasolino and P. Tramontana},
  title = {Evaluation methods for Web application clustering},
  booktitle = {WSE '03: 5th IEEE International Workshop on Web Site Evolution},
  year = {2003},
  pages = {33--40},
  publisher = {IEEE Computer Society}
}

@INPROCEEDINGS{torres:re,
  author = {Victoria Torres and Javier Munoz and Vicente Pelechano},
  title = {Reverse Engineering of Web Pages Based on Derivations and Transformations},
  booktitle = {LA-WEB '05: Proceedings of the Third Latin American Web Congress},
  year = {2005},
  pages = {3},
  publisher = {IEEE Computer Society},
  doi = {http://dx.doi.org/10.1109/LAWEB.2005.29},
  isbn = {0-7695-2471-0}
}

@INPROCEEDINGS{tourwe2004,
  author = {T. Tourw\'e and K. Mens},
  title = {Mining Aspectual Views using Formal Concept Analysis},
  booktitle = {Proc. of the Fourth IEEE International Workshop on Source Code Analysis
	and Manipulation (SCAM 2004)},
  year = {2004},
  address = {Chicago, Illinois, USA},
  month = {September},
  publisher = {IEEE Computer Society}
}

@INPROCEEDINGS{trecordi:2000,
  author = {Vittorio Trecordi and Giacomo Verticale},
  title = {An Architecture for Effective Push/Pull Web Surfing},
  booktitle = {2000 IEEE International Conference on Communications},
  year = {2000},
  volume = {2},
  pages = {1159--1163}
}

@INPROCEEDINGS{figueroa:ria,
  author = {Marino Linaje Trigueros and Preciado, Juan Carlos and F. S{\'a}nchez-Figueroa},
  title = {A Method for Model Based Design of {R}ich {I}nternet {A}pplication
	Interactive User Interfaces},
  booktitle = {ICWE '07: Proceedings of the 7th International Conference Web Engineering},
  year = {2007},
  pages = {226--241},
  publisher = {Springer}
}

@INPROCEEDINGS{tzerpos:mojo,
  author = {Vassilios Tzerpos and R. C. Holt},
  title = {Mo{J}o: A Distance Metric for Software Clusterings},
  booktitle = {WCRE '99: 6th Working Conference on Reverse Engineering},
  year = {1999},
  pages = {187--193},
  publisher = {IEEE Computer Society},
  isbn = {0-7695-0303-9}
}

@BOOK{umar:clientserver,
  title = {Object-oriented client/server {I}nternet environments},
  publisher = {Prentice Hall Press},
  year = {1997},
  author = {Amjad Umar}
}

@INPROCEEDINGS{valmari:state-explosion,
  author = {Antti Valmari},
  title = {The State Explosion Problem},
  booktitle = {LNCS: Lectures on Petri Nets I, Basic Models, Advances in Petri Nets},
  year = {1998},
  pages = {429--528},
  publisher = {Springer-Verlag},
  isbn = {3-540-65306-6}
}

@INPROCEEDINGS{vanderdonckt:vaquista,
  author = {Jean Vanderdonckt and Laurent Bouillon and Nathalie Souchon},
  title = {Flexible Reverse Engineering of Web Pages with {VAQUISTA}},
  booktitle = {WCRE '01: 8th Working Conference on Reverse Engineering},
  year = {2001},
  pages = {241},
  publisher = {IEEE Computer Society},
  isbn = {0-7695-1303-4}
}

@MISC{Vickers2002,
  author = {P. Vickers},
  title = {Why finalizers should (and can) be avoided},
  howpublished = {IBM developersWorks articles},
  month = {March 25},
  year = {2002},
  note = {\url{www-136.ibm.com/developerworks/java/}},
  url = {http://www-106.ibm.com/developerworks/java/library/j-jtctips/j-jtc0319a.html}
}

@ARTICLE{voas:tse92,
  author = {Jeffrey M. Voas},
  title = {PIE: A Dynamic Failure-Based Technique},
  journal = {IEEE Transaction on Software Engineering},
  year = {1992},
  volume = {18},
  pages = {717--727},
  number = {8},
  doi = {http://dx.doi.org/10.1109/32.153381},
  issn = {0098-5589},
  publisher = {IEEE Press}
}

@MISC{jquery,
  author = {K. De Volder},
  title = {The JQuery Tool: A Generic Query-Based Code Browser for Eclipse},
  howpublished = {Presentation at Eclipse BoF at OOPSLA 2002},
  year = {2002}
}

@MISC{spec:dom,
  author = {W3C},
  title = {Document {O}bject {M}odel ({DOM})},
  note = {\url{http://www.w3.org/DOM/}}
}

@MISC{spec:xmlhttprequest,
  author = {W3C},
  title = {{XMLHttpRequest}},
  note = {W3C Working Draft \url{http://www.w3.org/TR/XMLHttpRequest/}}
}

@MISC{w3c:html4,
  author = {W3C},
  title = {The global structure of an HTML document},
  howpublished = {\url{http://www.w3.org/TR/REC-html40/struct/global.html}},
  owner = {CP},
  timestamp = {2009.06.16}
}

@MISC{w3org-httpspec,
  author = {W3C},
  title = {{HTTP} 1.1 spec, Section 8.1.4},
  howpublished = {\url{http://www.w3.org/Protocols/rfc2616/rfc2616-sec8.html}},
  date-modified = {2006-11-21 14:35:03 +0100}
}

@MISC{w3c:uriget,
  author = {W3C},
  title = {{URI}s, {A}ddressability, and the use of {HTTP GET} and {POST}},
  year = {Mar. 21 2004},
  note = {W3C Tag Finding}
}

@MISC{chunked-mode,
  author = {W3C},
  title = {Chunked Transfer Coding},
  howpublished = {\url{http://www.w3.org/Protocols/rfc2616/rfc2616-sec3.html\#sec3.6.1}},
  year = {1999}
}

@MISC{cgi,
  author = {W3C},
  title = {Common Gateway Interface (CGI)/1.1 Specification},
  year = {1995},
  note = {\url{ http://www.w3.org/CGI/}}
}

@MISC{w3c:arch,
  author = {{W3C Technical Architecture Group}},
  title = {Architecture of the {W}orld {W}ide {W}eb, {V}olume {O}ne},
  year = {Dec. 15, 2004},
  note = {W3C Recommendation}
}

@INPROCEEDINGS{wang:sosp07,
  author = {Helen J. Wang and Xiaofeng Fan and Jon Howell and Collin Jackson},
  title = {Protection and communication abstractions for web browsers in {MashupOS}},
  booktitle = {Proceedings of twenty-first ACM SIGOPS symposium on Operating systems
	principles (SOSP'07)},
  year = {2007},
  pages = {1--16},
  publisher = {ACM},
  doi = {http://doi.acm.org/10.1145/1294261.1294263},
  isbn = {978-1-59593-591-5}
}

@INPROCEEDINGS{wolf:ase05,
  author = {Yanyan Wang and Matthew J. Rutherford and Antonio Carzaniga and Alexander
	L. Wolf},
  title = {Automating experimentation on distributed testbeds},
  booktitle = {Proceedings of the 20th IEEE/ACM international Conference on Automated
	software engineering (ASE'05)},
  year = {2005},
  pages = {164--173},
  publisher = {ACM},
  doi = {http://doi.acm.org/10.1145/1101908.1101934},
  isbn = {1-59593-993-4}
}

@INPROCEEDINGS{wassermann:icse08,
  author = {Gary Wassermann and Zhendong Su},
  title = {Static detection of cross-site scripting vulnerabilities},
  booktitle = {Proceedings of the 30th International Conference on Software Engineering
	(ICSE'08)},
  year = {2008},
  pages = {171-180},
  publisher = {ACM}
}

@INPROCEEDINGS{wassermann:xss,
  author = {Gary Wassermann and Zhendong Su},
  title = {Static detection of cross-site scripting vulnerabilities},
  booktitle = {Proceedings of the 30th international conference on Software engineering
	(ICSE'08)},
  year = {2008},
  pages = {171--180},
  publisher = {ACM},
  doi = {http://doi.acm.org/10.1145/1368088.1368112},
  isbn = {978-1-60558-079-1}
}

@ARTICLE{seda,
  author = {Matt Welsh and David Culler and Eric Brewer},
  title = {SEDA: an architecture for well-conditioned, scalable internet services},
  journal = {SIGOPS Oper. Syst. Rev.},
  year = {2001},
  volume = {35},
  pages = {230--243},
  number = {5},
  doi = {http://doi.acm.org/10.1145/502059.502057},
  issn = {0163-5980},
  publisher = {ACM Press}
}

@INPROCEEDINGS{WelshC03,
  author = {Matt Welsh and David E. Culler},
  title = {Adaptive Overload Control for Busy Internet Servers},
  booktitle = {USENIX Symposium on Internet Technologies and Systems},
  year = {2003}
}

@ARTICLE{weyuker:test-adequecy,
  author = {E J Weyuker},
  title = {Axiomatizing software test data adequacy},
  journal = {IEEE Trans. Softw. Eng.},
  year = {1986},
  volume = {12},
  pages = {1128--1138},
  number = {12},
  address = {Piscataway, NJ, USA},
  issn = {0098-5589},
  publisher = {IEEE Press}
}

@ARTICLE{weyuker:oracle-problem,
  author = {Weyuker, Elaine J.},
  title = {On Testing Non-Testable Programs},
  journal = {The Computer Journal},
  year = {1982},
  volume = {25},
  pages = {465--470},
  number = {4},
  doi = {10.1093/comjnl/25.4.465}
}

@MISC{white:ajaxperform,
  author = {Alexei White},
  title = {Measuring the Benefits of {Ajax}},
  year = {2006},
  note = {\url{http://www.developer.com/java/other/article.php/3554271}}
}

@MISC{willemsen:ajaxworkflow,
  author = {Joost Willemsen},
  title = {Improving User Workflows with Single-Page User Interfaces},
  year = {November 2006},
  note = {\url{http://www.uxmatters.com/MT/archives/000149.php}}
}

@MISC{xaml,
  author = {Microsoft Windows},
  title = {Extensible {A}pplication {M}arkup {L}anguage ({XAML})}
}

@INPROCEEDINGS{wohlin:web05,
  author = {C. Wohlin and M. Host and K. Henningsson},
  title = {Empirical Research Methods in software and web Engineering},
  booktitle = {Web Engineering},
  year = {2005},
  pages = {409--429},
  publisher = {Springer Verlag}
}

@BOOK{wohlin:experiment,
  title = {Experimentation in software engineering: an introduction},
  publisher = {Kluwer Academic Publishers},
  year = {2000},
  author = {Claes Wohlin and Per Runeson and Martin H\"{o}st and Magnus C. Ohlsson
	and Bj\"{o}orn Regnell and Anders Wessl\'{e}n},
  isbn = {0-7923-8682-5}
}

@INPROCEEDINGS{wu:04,
  author = {Wensheng Wu and Clement Yu and AnHai Doan and Weiyi Meng},
  title = {An interactive clustering-based approach to integrating source query
	interfaces on the deep Web},
  booktitle = {SIGMOD '04: Proceedings of the ACM SIGMOD International Conference
	on Management of Data},
  year = {2004},
  pages = {95--106},
  publisher = {ACM Press},
  doi = {http://doi.acm.org/10.1145/1007568.1007582},
  isbn = {1-58113-859-8}
}

@ARTICLE{yen:kshortest,
  author = {Jin Y. Yen},
  title = {Finding the K shortest loopless paths in a network},
  journal = {Manag. Sci.},
  year = {1971},
  volume = {17},
  pages = {712--716},
  number = {11},
  publisher = {INFORMS}
}

@BOOK{Yin:2003,
  title = {Case Study Research: Design and Methods},
  publisher = {SAGE Publications Inc},
  year = {2003},
  author = {R. K. Yin},
  edition = {3d}
}

@INPROCEEDINGS{yu:javascript,
  author = {Dachuan Yu and Ajay Chander and Nayeem Islam and Igor Serikov},
  title = {{JavaScript} instrumentation for browser security},
  booktitle = {Proceedings of the 34th annual ACM SIGPLAN-SIGACT symposium on Principles
	of programming languages (POPL'07)},
  year = {2007},
  pages = {237--249},
  publisher = {ACM},
  doi = {http://doi.acm.org/10.1145/1190216.1190252},
  isbn = {1-59593-575-4}
}

@INPROCEEDINGS{yu:openxup,
  author = {Jin Yu and Boualem Benatallah and Fabio Casati and Regis Saint-Paul},
  title = {OpenXUP: an alternative approach to developing highly interactive
	web applications},
  booktitle = {ICWE '06: 6th international conference on Web engineering},
  year = {2006},
  pages = {289--296},
  publisher = {ACM Press},
  doi = {http://doi.acm.org/10.1145/1145581.1145638},
  isbn = {1-59593-352-2}
}

@INPROCEEDINGS{memon:icse07,
  author = {Xun Yuan and Atif M. Memon},
  title = {Using GUI Run-Time State as Feedback to Generate Test Cases},
  booktitle = {ICSE '07: Proceedings of the 29th international conference on Software
	Engineering},
  year = {2007},
  pages = {396--405},
  address = {Washington, DC, USA},
  publisher = {IEEE Computer Society},
  doi = {http://dx.doi.org/10.1109/ICSE.2007.94},
  isbn = {0-7695-2828-7}
}

@MISC{zakon:www,
  author = {Robert H Zakon},
  title = {Hobbes' Internet Timeline},
  howpublished = {Online},
  year = {2006},
  note = {\url{http://zakon.org/robert/internet/timeline/}}
}

@INPROCEEDINGS{zdun:ra,
  author = {Uwe Zdun},
  title = {Reengineering to the Web: A Reference Architecture},
  booktitle = {CSMR '02: 6th European Conference on Software Maintenance and Reengineering},
  year = {2002},
  pages = {164},
  publisher = {IEEE Computer Society}
}

@INPROCEEDINGS{ZJ2003,
  author = {C. Zhang and H-A. Jacobsen},
  title = {Quantifying Aspects in Middleware Platforms},
  booktitle = {Proc. 2nd Int. Conf. on Aspect-Oriented Software Development {(AOSD-2003)}},
  year = {2003},
  pages = {130-139},
  month = mar,
  publisher = {ACM Press}
}

@ARTICLE{zhu:adequacy,
  author = {Hong Zhu and Patrick A. V. Hall and John H. R. May},
  title = {Software unit test coverage and adequacy},
  journal = {ACM Comput. Surv.},
  year = {1997},
  volume = {29},
  pages = {366--427},
  number = {4},
  doi = {http://doi.acm.org/10.1145/267580.267590},
  issn = {0360-0300},
  publisher = {ACM}
}

@BOOK{clustering:book,
  title = {Cluster analysis},
  publisher = {New York Press},
  year = {1993},
  editor = {Brian Everitt}
}

@BOOK{:aosdbook05,
  title = {Aspect-Oriented Software Development},
  publisher = {Addison-Wesley},
  year = {2005},
  editor = {Robert E. Filman and Tzilla Elrad and Siobh\'an Clarke and Mehmet
	{Ak{\c s}it}},
  address = {Boston},
  isbn = {0-321-21976-7}
}

@BOOK{book:j2ee,
  title = {Java 2 Platform, Enterprise Edition: Platform and Component Specifications},
  publisher = {Pearson Education},
  year = {2000},
  editor = {Bill Shannon and Mark Hapner and Vlada Matena and James Davidson
	and James Davidson and Larry Cable},
  isbn = {0201704560}
}

@MISC{ab,
  title = {Aspect Browser},
  note = {\url{http://www.cs.ucsd.edu/users/wgg/Software/AB/}}
}

@MISC{amt,
  title = {The Aspect Mining Tool},
  note = {\url{http://www.cs.ubc.ca/~jan/amt/}}
}

@MISC{amtex,
  title = {Multi-Visualizer},
  note = {\url{http://www.eecg.toronto.edu/~czhang/amtex/}}
}

@MISC{feat,
  title = {FEAT},
  note = {\url{http://www.cs.ubc.ca/labs/spl/projects/feat/}}
}

@MISC{multivis,
  title = {Multi-Visualizer - Extended Aspect Mining Tool},
  note = {\url{www.eecg.utoronto.ca/~czhang/amtex}}
}

@MISC{weblogic,
  title = {Aspect-Oriented Programming (AOP) System for WebLogic},
  note = {\url{http://dev2dev.bea.com/resourcelibrary/utilitiestools/monitoring.jsp}}
}

@INPROCEEDINGS{bezemer:esec09,
  author = {Cor-Paul Bezemer and Ali Mesbah and } # arie,
  title = {Automated Security Testing of Web Widget Interactions},
  booktitle = {Proc. Euro. Softw. Eng. Conf. and Symp. on the Foundations of Softw. Eng. (ESEC-FSE)},
  year = {2009},
  pages = {81--91},
  publisher = {ACM},
}

@phdthesis{mesbah:phd,
	author	= {Ali Mesbah},
	title	= {Analysis and Testing of {Ajax}-based Single-Page Web Applications},
	school	= {Delft University of Technology},
	year	= {2009},
	tutor	= {Arie van Deursen},
	isbn	= {978-90-79982-02-8},
	url	= {http://www.st.ewi.tudelft.nl/%7Emesbah/docs/mesbah-dissertation.pdf},
	project	= {spci},
	topic	= {Software Architecture,Web Engineering,Testing},
	group	= {SE},
}

@article{Clarke:2006,
  author    = {L. A. Clarke and
               D. S. Rosenblum},
  title     = {A historical perspective on runtime assertion checking in
               software development},
  journal   = {ACM SIGSOFT Software Engineering Notes},
  volume    = {31},
  number    = {3},
  year      = {2006},
  pages     = {25-37},
  ee        = {http://doi.acm.org/10.1145/1127878.1127900},
  bibsource = {DBLP, http://dblp.uni-trier.de}
}

@article{Ostrand:1988,
  author    = {T. J. Ostrand and
               M. J. Balcer},
  title     = {The Category-Partition Method for Specifying and Generating
               Functional Tests},
  journal   = {Commun. ACM},
  volume    = {31},
  number    = {6},
  year      = {1988},
  pages     = {676-686},
  bibsource = {DBLP, http://dblp.uni-trier.de}
}

@article{Cohen:1996,
 author = {C., David M. and Dalal, S. R. and Parelius, J. and Patton, G. C.},
 title = {The Combinatorial Design Approach to Automatic Test Generation},
 journal = {IEEE Softw.},
 volume = {13},
 number = {5},
 year = {1996},
 issn = {0740-7459},
 pages = {83--88},
 doi = {http://dx.doi.org/10.1109/52.536462},
 publisher = {IEEE Computer Society Press},
 address = {Los Alamitos, CA, USA},
 }


@article{Cohen:1997,
  author    = {D. M. Cohen and
               S. R. Dalal and
               M. L. Fredman and
               G. C. Patton},
  title     = {The {AETG} System: An Approach to Testing Based on Combinatiorial
               Design},
  journal   = {IEEE Trans. Software Eng.},
  volume    = {23},
  number    = {7},
  year      = {1997},
  pages     = {437-444},
  ee        = {http://www.computer.org/tse/ts1997/e0437abs.htm},
  bibsource = {DBLP, http://dblp.uni-trier.de}
}


@article{Kuhn:2004,
  author    = {D. R. Kuhn and
               D. R. Wallace and
               A. M. Gallo},
  title     = {Software Fault Interactions and Implications for Software
               Testing},
  journal   = {IEEE Trans. Software Eng.},
  volume    = 30,
  number    = 6,
  year      = 2004,
  pages     = {418-421},
  ee        = {http://doi.ieeecomputersociety.org/10.1109/TSE.2004.24},
  bibsource = {DBLP, http://dblp.uni-trier.de}
}

@inproceedings{elbaum:issre05,
 author = {Elbaum, Sebastian and Chilakamarri, Kalyan-Ram and Gopal, Bhuvana and Rothermel, Gregg},
 title = {Helping End-Users `Engineer' Dependable Web Applications},
 booktitle = {Proc. 16th Int. Symp. on Sw. Reliability Engineering (ISSRE'05)},
 year = {2005},
 pages = {31--40},
 doi = {http://dx.doi.org/10.1109/ISSRE.2005.20},
 publisher = {IEEE Computer Society},
}



@Book{Binder:2000,
  author =	 {R. Binder},
  title = 	 {Testing Object-Oriented Systems: Models, Patterns, and Tools.},
  publisher = 	 {Addison-Wesley},
  year = 	 2000
}

@book{Marick:1995,
author		= {B. Marick},
title		= {The Craft of Software Testing},
publisher	= {Prentice Hall},
address		= {New Jersey},
year		= {1995}
}

@book{Pezze:2008,
author = {M. Pezz\`{e} and M. Young},
title = {Software Testing and Analysis},
publisher = {Wiley},
year = 2008
}

@Article{BG98,
  author = 	 {K. Beck and E. Gamma},
  title =	 {Test Infected: Programmers Love Writing Tests},
  journal = 	 {Java Report},
  year = 	 1998,
  volume =	 3,
  number =	 7,
  pages =	 {51--56}
}

@article{Meyer:1992,
 author = {Meyer, Bertrand},
 title = {Applying ``Design by Contract''},
 journal = {Computer},
 volume = {25},
 number = {10},
 year = {1992},
 issn = {0018-9162},
 pages = {40--51},
 doi = {http://dx.doi.org/10.1109/2.161279},
 publisher = {IEEE Computer Society Press},
 address = {Los Alamitos, CA, USA},
 }


@Article{Holzmann:1997,
  author = 	 {G. J. Holzmann},
  title = 	 {The model checker {SPIN}},
  journal = 	 {IEEE Transactions on Software Engineering},
  year = 	 1997,
  volume = 	 23,
  number = 	 5,
  pages = 	 {279--295}}



@inproceedings{Abreu:2007,
 author = {Abreu, R. and Zoeteweij, P. and van Gemund, A. J. C.},
 title = {On the Accuracy of Spectrum-based Fault Localization},
 booktitle = {TAICPART-MUTATION '07: Proceedings of the Testing: Academic and Industrial Conference Practice and Research Techniques - MUTATION},
 year = {2007},
 isbn = {0-7695-2984-4},
 pages = {89--98},
 publisher = {IEEE Computer Society},
 address = {Washington, DC, USA},
 }


@inproceedings{Harrold:1998,
 author = {Harrold, M.-J. and Rothermel, G. and Wu, R. and Yi, L.},
 title = {An empirical investigation of program spectra},
 booktitle = {PASTE '98: Proceedings of the 1998 ACM SIGPLAN-SIGSOFT workshop on Program analysis for software tools and engineering},
 year = {1998},
 isbn = {1-58113-055-4},
 pages = {83--90},
 location = {Montreal, Quebec, Canada},
 doi = {http://doi.acm.org/10.1145/277631.277647},
 publisher = {ACM},
 address = {New York, NY, USA},
 }


@inproceedings{Zeller:1999,
  author    = {A. Zeller},
  title     = {Yesterday, My Program Worked. Today, It Does Not. Why?},
  year      = {1999},
  pages     = {253-267},
  booktitle     = {Proceedings 7th European Software
               Engineering Conference, Held Jointly with the 7th ACM SIGSOFT
               Symposium on the Foundations of Software Engineering (ESEC / SIGSOFT FSE)},
  publisher = {Springer},
  series    = {Lecture Notes in Computer Science},
  volume    = {1687},
  year      = {1999},
  isbn      = {3-540-66538-2},
  bibsource = {DBLP, http://dblp.uni-trier.de}
}


@Misc{McKenzie:2009,
  author = 	 {P. McKenzie},
  title = 	 {Why {I'm} Done Making Desktop Applications},
  howpublished = {Blog post on \url{http://www.kalzumeus.com/2009/09/05/desktop-aps-versus-web-apps/}},
  note = 	 {Date consulted: 15 September 2009}}

@BOOK{ieee90,
  title = {IEEE Std 610.12-1990: IEEE Standard Glossary of Software Engineering
	Terminology},
  publisher = {IEEE},
  year = {1990},
  editor = {IEEE},
  author = {IEEE}
}

@INPROCEEDINGS{tarhini:reg08,
author = {Abbas Tarhini and Zahi Ismail and Nashat Mansour},
title = {Regression Testing Web Applications},
booktitle ={Int. Conf. on Advanced Comp. Theory and Eng.},
year = {2008},
isbn = {978-0-7695-3489-3},
pages = {902-906},
doi = {http://doi.ieeecomputersociety.org/10.1109/ICACTE.2008.82},
publisher = {IEEE Computer Society},
}

@inproceedings{sweepline:tacas01,
 author = {Christensen, S and Kristensen, L. M. and Mailund, T.},
 title = {A Sweep-Line Method for State Space Exploration},
 booktitle = {Proceedings of the 7th International Conference on Tools and Algorithms for the Construction and Analysis of Systems (TACAS'01)},
 year = {2001},
 pages = {450--464},
 publisher = {Springer-Verlag},
}

@inproceedings{holzmann1997,
  author = {Holzmann, G.J.},
  title = {State compression in {SPIN}: Recursive indexing and compression training runs},
  booktitle = {In Proceedings of Third International SPIN Workshop},
  year = {1997},
}

@article{rothermel:end-userse04,
 author = {Burnett, Margaret and Cook, Curtis and Rothermel, Gregg},
 title = {End-user software engineering},
 journal = {Commun. ACM},
 volume = {47},
 number = {9},
 year = {2004},
 issn = {0001-0782},
 pages = {53--58},
 doi = {http://doi.acm.org/10.1145/1015864.1015889},
 publisher = {ACM},
 address = {New York, NY, USA},
}

@inproceedings{bolin:enduser05,
 author = {Bolin, Michael and Miller, Robert C.},
 title = {Naming page elements in end-user web automation},
 booktitle = {WEUSE I: Proceedings of the first workshop on End-user software engineering},
 year = {2005},
 isbn = {1-59593-131-7},
 pages = {1--5},
 publisher = {ACM}
}

@inproceedings{tudor:spreadsheet-testing,
 author = {Antoniu, Tudor and Steckler, Paul A. and Krishnamurthi, Shriram and Neuwirth, Erich and Felleisen, Matthias},
 title = {Validating the Unit Correctness of Spreadsheet Programs},
 booktitle = {Proceedings of the 26th International Conference on Software Engineering (ICSE'04)},
 year = {2004},
 isbn = {0-7695-2163-0},
 pages = {439--448},
 publisher = {IEEE Computer Society},
}

@inproceedings{margaret:icse03,
 author = {Burnett, Margaret and Cook, Curtis and Pendse, Omkar and Rothermel, Gregg and Summet, Jay and Wallace, Chris},
 title = {End-user software engineering with assertions in the spreadsheet paradigm},
 booktitle = {Proceedings of the 25th International Conference on Software Engineering (ICSE'03)},
 year = {2003},
 pages = {93--103},
 publisher = {IEEE Computer Society}
}


@article{fisher:tosem06,
 author = {Fisher, Marc and Rothermel, Gregg and Brown, Darren and Cao, Mingming and Cook, Curtis and Burnett, Margaret},
 title = {Integrating automated test generation into the WYSIWYT spreadsheet testing methodology},
 journal = {ACM Trans. Softw. Eng. Methodol.},
 volume = {15},
 number = {2},
 year = {2006},
 issn = {1049-331X},
 pages = {150--194},
 doi = {http://doi.acm.org/10.1145/1131421.1131423},
 publisher = {ACM},
 address = {New York, NY, USA},
}

@article{segal:end-user,
 author = {Segal, Judith},
 title = {Two principles of end-user software engineering research},
 journal = {SIGSOFT Softw. Eng. Notes},
 volume = {30},
 number = {4},
 year = {2005},
 issn = {0163-5948},
 pages = {1--5},
 publisher = {ACM},
}

@inproceedings{subrahmaniyan:chi08,
 author = {Subrahmaniyan, Neeraja and Beckwith, Laura and Grigoreanu, Valentina and Burnett, Margaret and Wiedenbeck, Susan and Narayanan, Vaishnavi and Bucht, Karin and Drummond, Russell and Fern, Xiaoli},
 title = {Testing vs. code inspection vs. what else?: male and female end users' debugging strategies},
 booktitle = {Proceeding of the 26th annual SIGCHI conference on Human factors in computing systems (CHI'08)},
 year = {2008},
 pages = {617--626},
 publisher = {ACM},
}

@book{boehm:enduser,
 author = {Boehm, Barry W. and Clark, and Horowitz, and Brown, and Reifer, and Chulani, and Madachy, Ray and Steece, Bert},
 title = {Software Cost Estimation with Cocomo II},
 year = {2000},
 publisher = {Prentice Hall PTR},
}



@inproceedings{shaw:corr,
 author = {Mary Shaw},
 title = {Sufficient Correctness and Homeostasis in Open
Resource Coalitions},
 booktitle = {Proc. ISAW-4 - Int'l Software Architecture
Workshop},
 year = {2000},
}


@article{ko:end-user09,
 author = {Ko, A.J. and Abraham, R. and Beckwith, L. and Blackwell, A. and Burnett, M.M. and Erwig, M. and Scaffidi, C. and Lawrence, J. and Lieberman, H. and Myers, B.A. and Rosson, M.B. and Rothermel, G. and Shaw, M. and Wiedenbeck, S.},
 title = {The State of the Art in End-User Software Engineering},
 journal = {ACM Computing Surveys},
 volume = {},
 number = {},
 year = {2009},
 pages = {},
 publisher = {ACM},
 note = {in press}
}
 
@inproceedings{kulesza:end-user-fixing,
 author = {Kulesza, Todd and Wong, Weng-Keen and Stumpf, Simone and Perona, Stephen and White, Rachel and Burnett, Margaret M. and Oberst, Ian and Ko, Andrew J.},
 title = {Fixing the program my computer learned: barriers for end users, challenges for the machine},
 booktitle = {Proceedings of the 13th international conference on Intelligent user interfaces (IUI'09)},
 year = {2009},
 pages = {187--196},
 doi = {http://doi.acm.org/10.1145/1502650.1502678},
 publisher = {ACM},
}

@inproceedings{scaffidi:end-user-topes,
 author = {Scaffidi, Christopher and Myers, Brad and Shaw, Mary},
 title = {Topes: reusable abstractions for validating data},
 booktitle = {Proceedings of the 30th international conference on Software engineering (ICSE'08)},
 year = {2008},
 pages = {1--10},
 doi = {http://doi.acm.org/10.1145/1368088.1368090},
 publisher = {ACM},
}


@inproceedings{pipek:eud,
 author = {Volkmar Pipek, Mary Beth Rosson,
Boris de Ruyter, Volker Wulf},
 title = {End User Development: Preface},
 booktitle = {Proceedings of the 2nd International Symposium on End User Development (IS-EUD'09)},
 year = {2009},
 publisher = {Springer},
}

@inproceedings{elbaum:fse08,
 author = {Koesnandar, Andhy and Elbaum, Sebastian and Rothermel, Gregg and Hochstein, Lorin and Scaffidi, Christopher and Stolee, Kathryn T.},
 title = {Using assertions to help end-user programmers create dependable web macros},
 booktitle = {Proceedings of the 16th ACM SIGSOFT International Symposium on Foundations of software engineering (FSE'08)},
 year = {2008},
 pages = {124--134},
 publisher = {ACM},
}
 
@inproceedings{elbaum:www07,
 author = {Lingam, Sandeep and Elbaum, Sebastian},
 title = {Supporting end-users in the creation of dependable web clips},
 booktitle = {Proceedings of the 16th international conference on World Wide Web (WWW'07)},
 year = {2007},
 pages = {953--962},
 doi = {http://doi.acm.org/10.1145/1242572.1242701},
 publisher = {ACM},
}

@MISC{tassey:testing-costs,
  author = {Gregory Tassey},
  title = {The economic impacts of inadequate
infrastructure for software testing},
  year = {2002},
  howpublished = {National Institute of Standards
and Technology, RTI Project Number 7007.011}
}

@INPROCEEDINGS{brown:wysiwyt-web,
    author = {Darren Brown and Margaret Burnett and Gregg Rothermel and Hamid Fujita and Fumio Negoro},
    title = {Generalizing {WYSIWYT} Visual Testing to Screen Transition Languages},
    booktitle = {In Proceedings of the IEEE Symposium on Human-Centric Computing Languages and Environments},
    year = {2003},
    pages = {203--210}
}


@INPROCEEDINGS{phalgune:enduser-web,
    author = {Amit Phalgune},
    title = {Testing and Debugging Web Applications: An End-User Perspective},
    booktitle = {Proceedings of the IEEE Symposium on Visual Languages and Human Centric Computing (VLHCC'04)},
    year = {2004},
    pages = {289-290},
    publisher = {IEEE Computer Society},
}

@INPROCEEDINGS{rode:eu-web,
  author = {J. Rode and M. Rosson and M. A. P. Quinones},
  title = {End User Development of Web Applications},
  booktitle = {End User Development},
  publisher = {Springer-Verlag},
  year = {2006},
  pages = {161--182},
}

@INPROCEEDINGS{rode:enduser-icwe,
    author = {Jochen Rode and Yogita Bhardwaj and Manuel A. P. Quinones and Mary Beth Rosson and Jonathan Howarth},
    title = {As Easy as 'Click': End-User Web Engineering},
    booktitle = {Proceedings of the International Conference on Web Engineering (ICWE'05)},
    year = {2005},
    pages = {478--488},
    publisher = {IEEE Computer Society},
}

@inproceedings{ruthruff:eu-faultlocal,
 author = {Ruthruff, Joseph R. and Burnett, Margaret and Rothermel, Gregg},
 title = {An empirical study of fault localization for end-user programmers},
 booktitle = {Proceedings of the 27th international conference on Software engineering (ICSE'05)},
 year = {2005},
 pages = {352--361},
 doi = {http://doi.acm.org/10.1145/1062455.1062523},
 publisher = {ACM},
}

@inproceedings{scaffidi:eu-category,
 author = {Scaffidi, Christopher and Shaw, Mary and Myers, Brad},
 title = {An approach for categorizing end user programmers to guide software engineering research},
 booktitle = {WEUSE I: Proceedings of the first workshop on End-user software engineering},
 year = {2005},
 pages = {1--5},
 publisher = {ACM},
}

@book{nardi:eu,
 author = {Nardi, Bonnie A.},
 title = {A  Small Matter of Programming: Perspectives on End User Computing},
 year = {1993},
 isbn = {0262140535},
 publisher = {MIT Press},
}

@INPROCEEDINGS{deursen:sofsem,
  author = {Arie van Deursen and Ali Mesbah},
  title = {Research Issues in the Automated Testing
of {Ajax} Applications},
  booktitle = {Proceedings of the 36th International Conference on Current Trends in Theory and Practice of Computer Science (SOFSEM)},
  year = {2010},
  publisher = {Springer-Verlag},
	volume	= {5901},
	series	= {Lecture Notes in Computer Science},
	pages	= {16-28}
}

@inproceedings{ko:whyline,
 author = {Ko, Andrew J. and Myers, Brad A.},
 title = {Debugging reinvented: asking and answering why and why not questions about program behavior},
 booktitle = {Proceedings of the 30th international conference on Software engineering (ICSE'08)},
 year = {2008},
 pages = {301--310},
 doi = {http://doi.acm.org/10.1145/1368088.1368130},
 publisher = {ACM},
}

@inproceedings{agitator:issta06,
 author = {Boshernitsan, Marat and Doong, Roongko and Savoia, Alberto},
 title = {From {Daikon} to {Agitator}: lessons and challenges in building a commercial tool for developer testing},
 booktitle = {Proc. International Symposium on Software Testing and Analysis (ISSTA'06)},
 year = {2006},
 pages = {169--180},
 doi = {http://doi.acm.org/10.1145/1146238.1146258},
 publisher = {ACM},
}

@INPROCEEDINGS{soechting:wse09,
  author = {Elizabeth Soechting and Kinga Dobolyi and Westley Weimer},
  title = {Syntactic Regression Testing for Tree-Structured Output},
  booktitle = {Proceedings of the 11th IEEE International Symposium on Web Systems Evolution	(WSE'09)},
  year = {2009},
  publisher = {IEEE Computer Society}
}

@inproceedings{burnett:eud09,
 author = {Burnett, Margaret},
 title = {What Is End-User Software Engineering and Why Does It Matter?},
 booktitle = {Proceedings of the 2nd International Symposium on End-User Development (IS-EUD'09)},
 year = {2009},
 pages = {15--28},
 publisher = {Springer-Verlag},
}

@inproceedings{Roest:2010.icst,
 author = {Danny Roest and Ali Mesbah and Arie van Deursen},
 title = 	 {Regression Testing {Ajax} Applications: Coping with Dynamism},
 booktitle = {Proc. 3rd Int. Conf. on Sw. Testing, Verification and Validation (ICST'10)},
 year = {2010},
 publisher = {IEEE Computer Society},
 pages = {128--136}
}


@article{Laemmel:2008,
  author    = {Ralf L{\"a}mmel},
  title     = {Google's MapReduce programming model - Revisited},
  journal   = {Sci. Comput. Program.},
  volume    = {70},
  number    = {1},
  year      = {2008},
  pages     = {1-30},
  ee        = {http://dx.doi.org/10.1016/j.scico.2007.07.001},
  bibsource = {DBLP, http://dblp.uni-trier.de}
}


@inproceedings{Dean:2004,
  author    = {Jeffrey Dean and
               Sanjay Ghemawat},
  title     = {MapReduce: Simplified Data Processing on Large Clusters},
  booktitle = {Proceedings 6th Symposium on Operating System Design and Implementation (OSDI)},
  year      = {2004},
  pages     = {137-150},
  ee        = {http://www.usenix.org/events/osdi04/tech/dean.html},
  bibsource = {DBLP, http://dblp.uni-trier.de}
}


@article{alalfi:web09,
 author = {Alalfi, Manar H. and Cordy, James R. and Dean, Thomas R.},
 title = {Modelling methods for web application verification and testing: state of the art},
 journal = {Softw. Test. Verif. Reliab.},
 volume = {19},
 number = {4},
 year = {2009},
 issn = {0960-0833},
 pages = {265--296},
 doi = {http://dx.doi.org/10.1002/stvr.v19:4},
 publisher = {John Wiley and Sons Ltd.},
}



@INPROCEEDINGS{alalfi:csmr10, 
  author = {M. Alalfi and J.R. Cordy and T.R. Dean},
  title = {Automating Coverage Metrics for Dynamic Web Applications},
  booktitle = {Proc. 15th European Conference on Software Maintenance and Reengineering (CSMR)},
  year = {2010},
  pages = {51--60}
}

@article{offutt:tosem96,
 author = {Offutt, A. Jefferson and Lee, Ammei and Rothermel, Gregg and Untch, Roland H. and Zapf, Christian},
 title = {An experimental determination of sufficient mutant operators},
 journal = {ACM Trans. Softw. Eng. Methodol.},
 volume = {5},
 number = {2},
 year = {1996},
 issn = {1049-331X},
 pages = {99--118},
 doi = {http://doi.acm.org/10.1145/227607.227610},
 publisher = {ACM},
}

@inproceedings{richards:pldi10,
 author = {Richards, Gregor and Lebresne, Sylvain and Burg, Brian and Vitek, Jan},
 title = {An analysis of the dynamic behavior of {JavaScript} programs},
 booktitle = {Proc. of the conf. on Programming language design and implementation (PLDI'10)},
 year = {2010},
 isbn = {978-1-4503-0019-3},
 pages = {1--12},
 doi = {http://doi.acm.org/10.1145/1806596.1806598},
 publisher = {ACM},
}

@inproceedings{song:symb10,
 author = {Saxena, Prateek and Akhawe, Devdatta and Hanna, Steve and Mao, Feng and McCamant, Stephen and Song, Dawn},
 title = {A Symbolic Execution Framework for {JavaScript}},
 booktitle = {Proc. Symp. on Security and Privacy (SP'10)},
 year = {2010},
 isbn = {978-0-7695-4035-1},
 pages = {513--528},
 doi = {http://dx.doi.org/10.1109/SP.2010.38},
 publisher = {IEEE Computer Society},
}

@inproceedings{artzi:icse10,
 author = {Artzi, Shay and Dolby, Julian and Tip, Frank and Pistoia, Marco},
 title = {Practical fault localization for dynamic web applications},
 booktitle = {Proceedings of the 32nd ACM/IEEE International Conference on Software Engineering (ICSE'10)},
 year = {2010},
 isbn = {978-1-60558-719-6},
 pages = {265--274},
 doi = {http://doi.acm.org/10.1145/1806799.1806840},
 publisher = {ACM},
}

@inproceedings{pacheco:randoop,
 author = {Pacheco, Carlos and Lahiri, Shuvendu K. and Ernst, Michael D. and Ball, Thomas},
 title = {Feedback-Directed Random Test Generation},
 booktitle = {Proc. 29th International Conference on Software Engineering (ICSE'07)},
 year = {2007},
 pages = {75--84},
 doi = {http://dx.doi.org/10.1109/ICSE.2007.37},
 publisher = {IEEE Computer Society},
}

@article {dambros:jss10,
   author = {D�Ambros, Marco and Lanza, Michele and Lungu, Mircea and Robbes, Romain},
   title = {On porting software visualization tools to the web},
   journal = {Int. J. on Sw. Tools for Technology Transfer (STTT)},
   publisher = {Springer},
   pages = {1--20},
   url = {http://dx.doi.org/10.1007/s10009-010-0171-9},
   year = {2010}
}

@inproceedings{jones:icse02,
 author = {Jones, James A. and Harrold, Mary Jean and Stasko, John},
 title = {Visualization of test information to assist fault localization},
 booktitle = {Proc. 24th Int. Conf. on Sw. Engineering},
 year = {2002},
 isbn = {1-58113-472-X},
 pages = {467--477},
 doi = {http://doi.acm.org/10.1145/581339.581397},
 publisher = {ACM},
}

@TECHREPORT{groenevel:tech10,
  author = {Frank Groeneveld and Ali Mesbah and } # arie,
  title = {Automatic Invariant Detection in Dynamic Web Applications},
  institution = {TUDelft},
  year = {2010},
  number = {TUD-SERG-2010-037},
}

@inproceedings{dodom:2010,
 author = {Karthik Pattabiraman and Benjamin Zorn},
 title = {Do{DOM}: Leveraging {DOM} Invariants for {Web} 2.0 Application Robustness Testing},
 booktitle = {Proc. Int. Conf. Sw. Reliability Engineering (ISSRE'10)},
 year = {2010},
 pages = {191-200},
 publisher = {IEEE Computer Society}
}

@inproceedings{artzi:icse10,
 author = {Artzi, Shay and Dolby, Julian and Tip, Frank and Pistoia, Marco},
 title = {Practical fault localization for dynamic web applications},
 booktitle = {Proc. 32nd Int. Conf. on Sw. Engineering (ICSE'10)},
 year = {2010},
 isbn = {978-1-60558-719-6},
 pages = {265--274},
 doi = {http://doi.acm.org/10.1145/1806799.1806840},
 publisher = {ACM}
}

@article{livshits:tweb10,
 author = {Kiciman, Emre and Livshits, Benjamin},
 title = {AjaxScope: A Platform for Remotely Monitoring the Client-Side Behavior of {W}eb 2.0 Applications},
 journal = {ACM Trans. Web},
 volume = {4},
 number = {4},
 year = {2010},
 issn = {1559-1131},
 pages = {1--52},
 doi = {http://doi.acm.org/10.1145/1841909.1841910},
 publisher = {ACM},
}

@inproceedings{CovaBFV2007,
   author = {Marco Cova and Davide Balzarotti and Viktoria Felmetsger and
	Giovanni Vigna},
   title = {Swaddler: An approach for the anomaly-based detection of state
	violations in web applications},
   booktitle = {Proceedings of the 10th International Symposium on Recent
	Advances in Intrusion Detection (RAID)},
   pages = {63--86},
   year = {2007}
}

@inproceedings{Csallner08dysy,
	author = {Christoph Csallner and Nikolai Tillmann and Yannis Smaragdakis},
	title = {{DySy}: Dynamic symbolic execution for invariant inference},
	booktitle = {Proceedings of the 30th International Conference on Software Engineering (ICSE'08)},
	pages = {281--290},
	publisher = {ACM},
	year = {2008}
}

@inproceedings{Hangal02trackingdown,
    author = {Hangal, Sudheendra and Lam, Monica S.},
    booktitle = {Proceedings of the 24th International Conference on Software Engineering (ICSE'02)},
    pages = {291--301},
    publisher = {ACM Press},
    title = {Tracking down software bugs using automatic anomaly detection},
    year = {2002}
}

@inproceedings{PerkinsE2004,
	author = {Jeff H. Perkins and Michael D. Ernst},
	title = {Efficient incremental algorithms for dynamic detection of likely invariants},
	booktitle = {Proceedings of the {ACM} {SIGSOFT} 12th Symposium on the Foundations of Software Engineering (FSE'04)},
	pages = {23--32},
	year = {2004}
}

@inproceedings{Polikarpova:issta09,
 author = {Polikarpova, Nadia and Ciupa, Ilinca and Meyer, Bertrand},
 title = {A comparative study of programmer-written and automatically inferred contracts},
 booktitle = {Proceedings of the eighteenth international symposium on Software testing and analysis (ISSTA'09)},
 year = {2009},
 isbn = {978-1-60558-338-9},
 pages = {93--104},
 doi = {http://doi.acm.org/10.1145/1572272.1572284},
 publisher = {ACM},
}

@inproceedings{Kikuchi08javascript,
	author = {Haruka Kikuchi and Dachuan Yu and Ajay Chander and Hiroshi Inamuraand Igor Serikov},
	title = {Java{S}cript Instrumentation in Practice},
	booktitle = {APLAS'08: Proceedings of the 6th Asian Symposium on Programming Languages and Systems},
	year = {2008},
	pages = {326--341},
	publisher = {Springer-Verlag},
}

@book{Mueller74aims,
	author = {Mueller-Dombois, D. and Ellenberg, H.},
	publisher = {Wiley, Chichester, UK},
	title = {Aims and methods of vegetation ecology},
	year = {1974}
}

@inproceedings{pezze:icse08,
 author = {Lorenzoli, Davide and Mariani, Leonardo and Pezz\`{e}, Mauro},
 title = {Automatic generation of software behavioral models},
 booktitle = {Proceedings of the 30th international conference on Software engineering (ICSE'08)},
 year = {2008},
 isbn = {978-1-60558-079-1},
 pages = {501--510},
 doi = {http://doi.acm.org/10.1145/1368088.1368157},
 publisher = {ACM},
}


@INPROCEEDINGS{mesbah:icse11, 
  author = {Ali Mesbah and Mukul R. Prasad},
  title = {Automated Cross-Browser Compatibility Testing},
  booktitle = {Proceedings of the 33rd ACM/IEEE International Conference on Software Engineering (ICSE'11)},
  year = {2011},
  pages = {561--570},
  publisher = {ACM},
}

@inproceedings{Keller:2010:CCQ,
 author = {Keller, Matthias and Nussbaumer, Martin},
 title = {{CSS} Code Quality: A Metric for Abstractness; Or Why Humans Beat Machines in {CSS} Coding},
 booktitle = {Proceedings of the 7th International Conference on the Quality of Information and Communications Technology (QUATIC '10)},
 year = {2010},
 pages = {116--121},
 publisher = {IEEE Computer Society},
} 

@MISC{css,
  author = {W3C},
  title = {{CSS}},
  howpublished = {\url{http://www.w3.org/Style/CSS/}}
}

@conference{quint2007editing,
  title={{Editing with style}},
  author={Quint, V. and Vatton, I.},
  booktitle={Proceedings of the  ACM symposium on Document engineering},
  pages={151--160},
  year={2007},
  organization={ACM}
}


@MISC{css-validator,
  author = {W3C},
  title = {{CSS Validator}},
  howpublished = {\url{http://jigsaw.w3.org/css-validator/}}
}

@MISC{csstidy,
  title = {{CSSTidy}},
  howpublished = {\url{http://csstidy.sourceforge.net}}
}


@MISC{cssclean,
  title = {{CSSClean}},
 howpublished = {\url{http://www.cleancss.com}}
}

@MISC{webdeveloper,
  title = {{WebDeveloper}},
 howpublished = {\url{https://addons.mozilla.org/en-US/firefox/addon/web-developer/}}
}

@MISC{firebug,
  title = {{Firebug}},
 howpublished = {\url{http://getfirebug.com}}
}

@MISC{selenium,
  title = {{Selenium}},
 howpublished = {\url{http://docs.seleniumhq.org/}}
}

@MISC{dustme,
  title = {{Dust-Me Selectors}},
 howpublished = {\url{http://www.sitepoint.com/dustmeselectors/}},
 note = {version 2.2}
}

@PHDTHESIS{lie:phd,
  author = {H. W. Lie},
  title = {Cascading Style Sheets},
  school = {University of Oslo},
  year = {2006}
}

@MISC{sass,
  title = {{SASS}: Syntactically Awesome Stylesheets},
 howpublished = {\url{http://sass-lang.com}}
}

@MISC{unused-css,
  title = {{Unused-CSS}},
 howpublished = {\url{http://unused-css.com}}
}

@MISC{helium,
  title = {Helium},
 howpublished = {\url{https://github.com/geuis/helium-css}},
  note = {version 1.0}
}

@MISC{cssess,
  title = {{CSSess}},
 howpublished = {\url{https://github.com/driverdan/cssess}},
  note = {version 1.0}
}

@MISC{webstorage,
  author = {W3C},
  title = {{W3C Web Storage}},
 howpublished = {\url{http://dev.w3.org/html5/webstorage/}}
}

@MISC{w3c-xbl,
  author = {W3C},
  title = {{XML Binding Language (XBL) 2.0}},
 howpublished = {\url{http://www.w3.org/TR/xbl/}}
}

@book{grannell2007essential,
  title={{The Essential Guide to CSS and HTML Web Design}},
  author={Grannell, C.},
  isbn={1590599071},
  year={2007},
  publisher={Friends of ED}
}

@book{pro-css,
  title={{Pro CSS for High Traffic Websites}},
  author={Antony Kennedy and Inayaili de Leon},
  year={2011},
  publisher={Apress}
}

@Inproceedings{Choudhary:WebDiff,
	author = {Shauvik Roy Choudhary and Husayn Versee and Alessandro Orso},
	title  ={{WebDiff}: Automated Identification of Cross-browser Issues in Web Applications},
	year = {2010},
	pages = {1--10},
	booktitle = {Proc. of the 26th IEEE Int. Conf. on Softw. Maintenance (ICSM'10)}
}

@MISC{cascading,
  author = {W3C},
  title = {Assigning property values, Cascading, and Inheritance},
 howpublished = {\url{http://www.w3.org/TR/CSS2/cascade.html}}
}

@MISC{css-dom2,
  author = {W3C},
  title = {Document Object Model ({DOM}) Level 2 Style Specification},
 howpublished = {\url{http://www.w3.org/TR/DOM-Level-2-Style/}}
}

@MISC{css-grammar,
  author = {W3C},
  title = {Grammar of {CSS} 2.1},
 howpublished = {\url{http://www.w3.org/TR/CSS21/grammar.html#grammar}}
}




@conference{badros1999constraint,
  title={Constraint cascading style sheets for the web},
  author={Badros, G.J. and Borning, A. and Marriott, K. and Stuckey, P.},
  booktitle={Proceedings of the 12th annual ACM symposium on User interface software and technology},
  pages={73--82},
  isbn={1581130759},
  year={1999},
  organization={ACM}
}

@MISC{r,
  author = {Robert Gentleman and Ross Ihaka}, 
  title = {The {R} Project for Statistical Computing},
 howpublished = {\url{http://www.r-project.org}}
}

@MISC{pseudo,
  author = {W3C},
  title = {Pseudo-elements and pseudo-classes},
 howpublished = {\url{http://www.w3.org/TR/CSS2/selector.html#pseudo-elements}}
}

@MISC{cssparser,
  title = {{CSS Parser}},
 howpublished = {\url{http://cssparser.sourceforge.net}}
}

@MISC{oo-css,
  author = {Nicole Sullivan},
  title = {Object Oriented {CSS}},
 howpublished = {\url{https://github.com/stubbornella/oocss/}}
}

@MISC{csslint,
  author = {Nicole Sullivan},
  title = {{CSS} Lint},
 howpublished = {\url{http://csslint.net}}
}


@inproceedings{Meyerovich:www10,
 author = {Meyerovich, Leo A. and Bodik, Rastislav},
 title = {Fast and parallel webpage layout},
 booktitle = {Proceedings of the 19th international conference on World wide web},
 series = {WWW '10},
 year = {2010},
 pages = {711--720},
 doi = {http://doi.acm.org/10.1145/1772690.1772763},
 publisher = {ACM},
} 

@article{Tip:2002,
 author = {Tip, Frank and Sweeney, Peter F. and Laffra, Chris and Eisma, Aldo and Streeter, David},
 title = {Practical extraction techniques for {J}ava},
 journal = {ACM Trans. Program. Lang. Syst.},
 volume = {24},
 issue = {6},
 year = {2002},
 pages = {625--666},
 doi = {http://doi.acm.org/10.1145/586088.586090},
 publisher = {ACM},
} 

@article{Debray:2000,
 author = {Debray, Saumya K. and Evans, William and Muth, Robert and De Sutter, Bjorn},
 title = {Compiler techniques for code compaction},
 journal = {ACM Trans. Program. Lang. Syst.},
 volume = {22},
 issue = {2},
 year = {2000},
 issn = {0164-0925},
 pages = {378--415},
 doi = {http://doi.acm.org/10.1145/349214.349233},
 publisher = {ACM},
 address = {New York, NY, USA},
 keywords = {code compaction, code compression, code size reduction},
} 

@INPROCEEDINGS{tempero:2008, 
author={Tempero, E.}, 
booktitle={Software Engineering Conference, 2008. APSEC '08. 15th Asia-Pacific}, title={An Empirical Study of Unused Design Decisions in Open Source {J}ava Software}, 
year={2008}, 
pages={33--40}, 
keywords={dead code;open source Java software;unused design decisions;unused interfaces;unused public methods;Java;public domain software;software maintenance;}, 
}

@article{Roy:2009:clone,
 author = {Roy, Chanchal K. and Cordy, James R. and Koschke, Rainer},
 title = {Comparison and evaluation of code clone detection techniques and tools: A qualitative approach},
 journal = {Sci. Comput. Program.},
 volume = {74},
 issue = {7},
 year = {2009},
 issn = {0167-6423},
 pages = {470--495},
 doi = {10.1016/j.scico.2009.02.007},
 publisher = {Elsevier},
 keywords = {Clone detection, Comparison, Scenario-based evaluation, Software clone},
} 

@article{aho1986compilers,
  title={Compilers: principles, techniques, and tools},
  author={Aho, A.V. and Sethi, R. and Ullman, J.D.},
  journal={Reading, MA,},
  year={1986}
}

@MISC{ucdetector,
  author = {J�rg Spieler},
  title = {{UCDetector}},
 howpublished = {\url{http://www.ucdetector.org}}
}

@BOOK{copeland2005pmd,
  title={{PMD} applied},
  author={Copeland, T.},
  year={2005},
  publisher={Centennial Books}
}

@misc{styledoc,
  title={document.styleSheets},
  author={Mozilla},
  howpublished={\url{https://developer.mozilla.org/en/DOM/document.styleSheets}}
}

@MISC{yahoo-gen,
  author = {Yahoo!},
  title = {Random {URL} generator},
 howpublished = {\url{http://random.yahoo.com/bin/ryl}}
}

@article{mesbah:tweb11,
	author	= {A. Mesbah and A. van Deursen and S. Lenselink},
	title	= {Crawling {A}jax-based Web Applications through Dynamic Analysis of User Interface State Changes},
	journal	= {ACM Transactions on the Web (TWEB)},
	year	= {2012},
	volume = {6}, 
	number = {1},
	pages={3:1--3:30}
}

@article{runeson2009guidelines,
  title={Guidelines for conducting and reporting case study research in software engineering},
  author={Runeson, P. and H{\"o}st, M.},
  journal={Empirical Software Engineering},
  volume={14},
  number={2},
  pages={131--164},
  year={2009},
  publisher={Springer}
}

@inproceedings{badea2010towards,
  title={Towards parallelizing the layout engine of firefox},
  author={Badea, C. and Haghighat, M.R. and Nicolau, A. and Veidenbaum, A.V.},
  booktitle={Proceedings of the 2nd USENIX conference on Hot topics in parallelism},
  pages={1--6},
  year={2010},
  organization={USENIX Association}
}

@inproceedings{jones2009parallelizing,
  title={Parallelizing the web browser},
  author={Jones, C.G. and Liu, R. and Meyerovich, L. and Asanovi{\'c}, K. and Bodik, R.},
  booktitle={Proceedings of the First USENIX conference on Hot topics in parallelism},
  pages={7--12},
  year={2009},
  organization={USENIX Association}
}

@MISC{ie8-benchmark,
  author = {C. Stockwell},
  title = {{IE8} What is Coming},
  howpublished = {Oreilly},
  month = {June},
  year = {2008},
  note = {\url{http://en.oreilly.com/velocity2008/public/schedule/detail/32
90}}
}

@inproceedings{rodrikapurICTAC04,
  author = {E. Rodr{\'\i}guez-Carbonell and D. Kapur},
  title = {Program Verification Using Automatic Generation of Invariants},
  booktitle = {Proc. 1st International Colloquium on Theoretical Aspects of Computing (ICTAC'04)},
  series = {Lecture Notes in Computer Science},
  publisher = {Springer-Verlag},
  volume= "3407",
  year = "2005",
  pages="325--340"
} 

@inproceedings{louhichi2009invariant,
  title={Invariant Assertions, Invariant Relations, and Invariant Functions},
  author={Louhichi, A. and Mraihi, O. and Jilani, L.L. and Mili, A.},
  booktitle={Proceedings 2nd International Workshop on Invariant Generation},
  pages={60--71},
  year={2009}
}

@article{ernst2007daikon,
  title={The {D}aikon system for dynamic detection of likely invariants},
  author={Ernst, M.D. and Perkins, J.H. and Guo, P.J. and McCamant, S. and Pacheco, C. and Tschantz, M.S. and Xiao, C.},
  journal={Science of Computer Programming},
  volume={69},
  number={1-3},
  pages={35--45},
  year={2007},
  publisher={Elsevier}
}

@ARTICLE{mesbah:tse12,
  author = {Ali Mesbah and Arie van Deursen and Danny Roest},
  title = {Invariant-based Automatic Testing of Modern Web Applications},
  journal = {IEEE Transactions on Software Engineering (TSE)},
  year = {2012},
  volume={38}, 
  number={1}, 
  pages={35--53}, 
}

@inproceedings{Guarnieri-2009,
 author = {Guarnieri, Salvatore and Livshits, Benjamin},
 title = {GATEKEEPER: mostly static enforcement of security and reliability policies for {JavaScript} code},
 booktitle = { Conference on USENIX security symposium},
 series = {SSYM'09},
 year = {2009},
 pages = {151--168},
 numpages = {18},
}

@inproceedings{Guha-2009,
 author = {Guha, Arjun and Krishnamurthi, Shriram and Jim, Trevor},
 title = {Using static analysis for {Ajax} intrusion detection},
 booktitle = { Intl. conference on World Wide Web (WWW)},
 year = {2009},
 isbn = {978-1-60558-487-4},
 pages = {561--570},
 numpages = {10},
 } 
 
 @inproceedings{Zheng-2011,
  author    = {Yunhui Zheng and
               Tao Bao and
               Xiangyu Zhang},
  title     = {Statically locating web application bugs caused by asynchronous
               calls},
  booktitle = {Proceedings of the Intl. Conference on the World-Wide Web (WWW)},
  year      = {2011},
  pages     = {805-814},
  publisher = {ACM}
}


@inproceedings{ocariza:icst12,
  title={{AutoFLox}: An Automatic Fault Localizer for Client-Side {JavaScript}},
  author={Frolin Jr Ocariza and Pattabiraman, Karthik and Mesbah, Ali},
  booktitle = {Proceedings of the 5th IEEE International Conference on Software Testing, Verification and Validation (ICST'12)},
  year = {2012},
  pages = {31--40},
  publisher = {IEEE Computer Society},
}

@techreport{acree:mutation1979,
    author = {A. Acree and T. Budd and R. DeMillo and R. Lipton and F. Sayward},
    title = {Mutation Analysis},
    year = 1979,
    institution = {Georgia Inst. of Technology},
    number = "GIT-ICS-79/08"
}

@ARTICLE{demillo:computer1978,
  author = {R. DeMillo and R. Lipton and F. Sayward},
  title = {Hints on Test Data Selection: Help for the Practicing Programmer},
  journal = {Computer},
  year = {1978},
  volume={11}, 
  number={4}, 
  pages={34--41}, 
}

@inproceedings{ratcliff:gecco11,
  title={Searching for Invariants using Genetic Programming and Mutation Testing},
  author={Sam Ratcliff and David White and John Clark},
  booktitle = {Proceedings of the 13th Annual Conference on Genetic and Evolutionary Computation (GECCO)},
  year = {2011},
  publisher = {ACM},
}

@inproceedings{lei:reg03,
 author = {Xu, Lei and Xu, Baowen and Chen, Zhenqiang and Jiang, Jixiang and Chen, Huowang},
 title = {Regression Testing for Web Applications Based on Slicing},
 booktitle = {Proc. of Int. Conf. on Computer Software and Applications (COMPSAC)},
 year = {2003},
 isbn = {0-7695-2020-0},
 pages = {652--656},
 publisher = {IEEE Computer Society},
}

@INPROCEEDINGS{harman:icst08,
author = {Nadia Alshahwan and Mark Harman},
title = {Automated Session Data Repair for Web Application Regression Testing},
booktitle ={Proceedings of the Int. Conf. on Software Testing, Verification, and Validation (ICST'08)},
year = {2008},
isbn = {978-0-7695-3127-4},
pages = {298-307},
doi = {http://doi.ieeecomputersociety.org/10.1109/ICST.2008.56},
publisher = {IEEE Computer Society},
}

@inproceedings{bhattacharya:icse12,
  title={Graph-Based Analysis and Prediction for Software Evolution},
  author={Pamela Bhattacharya and Marios Iliofotou and Iulian Neamtiu and Michalis Faloutsos},
  booktitle = {Proc. International Conference on Software Engineering (ICSE)},
  year = {2012},
  pages={419--429},
  publisher = {ACM},
}


@ARTICLE{brin:cnis98,
  author = {S. Brin and L. Page},
  title = {The anatomy of a large-scale hypertextual web search engine},
  journal = {Computer Networks and ISDN Systems},
  year = {1998},
  volume={30}, 
  number={1-7}, 
  pages={107--117}, 
}


@inproceedings{schuler:issta09,
  title={Efficient Mutation Testing by Checking Invariant Violations},
  author={David Schuler and Valentin Dallmeier and Andreas Zeller},
  booktitle = {Proc. Intl. Symp. Softw. Testing and Analysis (ISSTA)},
  year = {2009},
  pages={69--79},
  publisher = {ACM},
}

@inproceedings{schuler:icst10,
  title={(Un-)Covering Equivalent Mutants},
  author={David Schuler and Andreas Zeller},
  booktitle = {Proc. International Conference on Software Testing, Verification, and Validation (ICST'10)},
  year = {2010},
  pages={45--54},
  publisher = {IEEE Computer Society},
}

@inproceedings{mirshokraie:icwe12,
	author = {Shabnam Mirshokraie and Ali Mesbah},
	title = {{JSART}: {JavaScript} Assertion-based Regression Testing},
	booktitle = {Proc. International Conference on Web Engineering (ICWE'12)},
	year = {2012}, 
  pages = {238--252},
	publisher = {Springer},
}

@BOOK{osmaniJsPatterns,
  author = {Addy Osmani},
  title = {Learning {JavaScript} Design Patterns},
  publisher = {O'Reilly Media},
  year = {2012}
}

@MISC{hsuJsAntiPatterns,
  author = {Jack Hsu},
  title = {{JavaScript} Anti-Patterns},
  howpublished = {\url{http://jaysoo.ca/2010/05/06/javascript-anti-patterns/}},
  year = {2010}
}


@MISC{weylJsGotchas,
  author = {Estelle Weyl},
  title = {16 Common {JavaScript} Gotchas},
  howpublished = {\url{http://www.standardista.com/javascript/15-common-javascript-gotchas/}},
  year = {2010}
}

@MISC{hoPrematureInvocation,
  author = {Toby Ho},
  title = {Premature Invocation},
  howpublished = {\url{http://tobyho.com/2011/10/26/js-premature-invocation/}},
  year = {2011}
}

@MISC{porteneuveJsBinding,
  author = {Christophe Porteneuve},
  title = {Getting Out of Binding Situations in {JavaScript}},
  howpublished = {\url{http://www.alistapart.com/articles/getoutbindingsituations/}},
  year = {2008}
}



@MISC{jsStringReplace,
  author = {},
  title = {String Replace {JavaScript} Bad Design},
  howpublished = {\url{http://www.thespanner.co.uk/2010/09/27/string-replace-javascript-bad-design/}},
  year = {2010}
}



@MISC{burgess11jsMistakes,
  author = {Andrew Burgess},
  title = {The 11 {JavaScript} Mistakes you are Making},
  howpublished = {\url{http://net.tutsplus.com/tutorials/javascript-ajax/the-10-javascript-mistakes-youre-making/}},
  year = {2011}
}

@MISC{gurbani13jsMistakes,
  author = {Prem Gurbani and Sergio Cinos},
  title = {Top 13 {JavaScript} Mistakes},
  howpublished = {\url{http://blog.tuenti.com/dev/top-13-javascript-mistakes/}},
  year = {2010}
}



@MISC{roy3commmonJsMistakes,
  author = {Bertrand Le Roy},
  title = {Three Common Mistakes in {JavaScript/EcmaScript}},
  howpublished = {\url{http://weblogs.asp.net/bleroy/archive/2005/02/15/Three-common-mistakes-in-JavaScript-_2F00_-EcmaScript.aspx}},
  year = {2005}
}

@ARTICLE{mccabe:tse76,
  author = {Thomas McCabe},
  title = {A Complexity Measure},
  journal = {IEEE Transaction on Software Engineering (TSE)},
  year = {1976},
  volume={SE-2}, 
  number={4}, 
  pages={308--320}, 
}

@ARTICLE{schneidewind:tse79,
  author = {N. Schneidewind and H. Hoffmann},
  title = {An Experiment in Software Error Data Collection
and Analysis},
  journal = {IEEE Transaction on Software Engineering (TSE)},
  year = {1979},
  volume={5}, 
  number={3}, 
  pages={276--286}, 
}


@inproceedings{henry:mesq81,
  title={On the Relationships Among Three Software
Metrics},
  author={Sallie Henry and	Dennis Kafura and	Kathy Harris},
  booktitle = {ACM Workshop/Symposium on Measurement and Evaluation of Software Quality},
  year = {1981},
  pages={81--88},
  publisher = {ACM},
}


@inproceedings{heinman:mccabe94,
  title={Complexity and Defects in Software-A Case Study},
  author={D. Heinman},
  booktitle = {Proceedings of the 1994 McCabe Users Group Conference},
  year = {1994},
  pages={},
  publisher = {},
}

@ARTICLE{gill:tse91,
  author = {G. Gill and C. Kemerer},
  title = {Cyclomatic Complexity Density and Software Maintenance
Productivity},
  journal = {IEEE Transaction on Software Engineering (TSE)},
  year = {1991},
  volume={17}, 
  number={12}, 
  pages={1284--1288}, 
}


@techreport{watson:cyclcomplexity96,
    author = {A. Watson and T. MCcabe},
    title = {Structured Testing: A Testing Methodology Using the
Cyclomatic Complexity Metric},
    year = 1996,
    institution = {Computer Systems Laboratory, National Institute of Standards and
Technology Special Publication},
    number = "MD 20899-0001"
}

@book{Crockford:2008,
 author = {Crockford, Douglas},
 title = {{JavaScript}: The Good Parts},
 year = {2008},
 publisher = {O'Reilly Media, Inc.},
} 


@ARTICLE{basili:tse96,
  author = {V. Basili and L. Briand and W. Melo},
  title = {A Validation of Object
Orient Design Metrics as Quality Indicators},
  journal = {IEEE Transaction on Software Engineering (TSE)},
  year = {1996},
  volume={22}, 
  number={10}, 
  pages={751--761}, 
}

@ARTICLE{subramanyam:tse03,
  author = {R. Subramanyam and M. Krishnan},
  title = {Empirical Analysis of CK
Metrics for Object-Oriented Design Complexity: Implications for
Software Defects},
  journal = {IEEE Transaction on Software Engineering (TSE)},
  year = {2003},
  volume={29}, 
  number={4}, 
  pages={297--310}, 
}

@INPROCEEDINGS{nagappan:icse06,
  author = {N. Nagappan and T. Ball and A. Zeller},
  title = {Mining Metrics to Predict
Component Failures},
  booktitle = {Proc. International Conference on Software Engineering (ICSE)},
  year = {2006},
  pages = {452--461},
  publisher = {IEEE Computer Society},
}


@ARTICLE{budd:acta82,
  author = {T. Budd and D. Angluin},
  title = {Two Notions of Correctness and
Their Relation to Testing},
  journal = {Acta Informatica},
  year = {1982},
  volume={18}, 
  number={1}, 
  pages={31--45}, 
}


@ARTICLE{jia:tse10,
  author = {Y. Jia and M. Harman},
  title = {An Analysis and Survey of the Development
of Mutation Testing},
  journal = {IEEE Transactions on Software Engineering (TSE)},
  year = {2010},
  volume={37}, 
  number={5}, 
  pages={649--678}, 
}



@ARTICLE{offutt:tvr94,
  author = {A. Offutt and W. Craft},
  title = {Using Compiler Optimization
Techniques to Detect Equivalent Mutants},
  journal = {Software Testing, Verification, and
Reliability},
  year = {1994},
  volume={4}, 
  number={3}, 
  pages={131--154}, 
}

@techreport{baldwin:equivalentMutant79,
    author = {D. Baldwin and F. Sayward},
    title = {Heuristics for determining
equivalence of program mutations},
    year = 1979,
    institution = {Yale University, Department
of Computer Science},
    number = "276"
}

@INPROCEEDINGS{harman:mutation00,
  author = {M. Harman and R. Hierons and S. Danicic},
  title = {The Relationship
between Program Dependence and Mutation Analysis},
  booktitle = {Proc. 1st Workshop on Mutation Analysis},
  year = {2000},
  pages = {5--13},
}

@INPROCEEDINGS{adamopoulos:gecco04,
  author = {K. Adamopoulos and M. Harman and R. Hierons},
  title = {How to Overcome the Equivalent Mutant Problem and Achieve Tailored
Selective Mutation Using Co-Evolution},
  booktitle = {Proc. Genetic and Evolutionary Computation Conference (GECCO)},
  year = {2004},
  pages = {1338--1349},
  publisher = {ACM},
}
@ARTICLE{dominguez:ist11,
  author = {J. Dom\'inguez-Jim\'enez and A. Estero-Botaro and A. Garc�a-Dom�nguez and I. Medina-Bulo},
  title = {Evolutionary Mutation Testing},
  journal = {Information and Software Technology},
  year = {2011},
  volume={53}, 
  number={10}, 
  pages={1108--1123}, 
}

@ARTICLE{langdon:jss10,
  author = {W. Langdon and M. Harman and Y. Jia},
  title = {Efficient multi-objective higher order mutation testing with genetic programming},
  journal = {Journal of Systems and Software},
  year = {2010},
  volume = {83},
  pages = {2416--2430},
  number = {12}
}


@INPROCEEDINGS{andrews:icse05,
  author = {J. Andrews and L. Briand and Y. Labiche},
  title = {Is mutation an appropriate tool for testing experiments?},
  booktitle = {Proc. Intl. Conference on Software Engineering (ICSE)},
  year = {2005},
  pages = {402--411},
  publisher = {ACM},
}

@ARTICLE{hieron:tvr99,
  author = {R. Hierons and M. Harman and S. Danicic},
  title = {Using Program Slicing to Assist in the Detection of Equivalent Mutants},
  journal = {Software Testing, Verification, and
Reliability},
  year = {1999},
  volume={9}, 
  number={4}, 
  pages={233--262}, 
}

@inproceedings{Ocariza-2011,
title={{JavaScript} Errors in the Wild: An Empirical Study},
author={F. Ocariza and K. Pattabiraman and B.G. Zorn},
year={2011},
booktitle={Proc. of the International Symposium on Software Reliability Engineering (ISSRE)},
publisher={IEEE Computer Society},
pages = {100--109}
}

@inproceedings{bottaci:icstw10,
title={Type Sensitive Application of Mutation Operators for Dynamically Typed Programs},
author={Leonardo Bottaci},
year={2010},
booktitle={Proc. 5th International Workshop on Mutation Analysis},
pages = {126--131}
}



@TECHREPORT{mikkonen:tech07,
  author = {T. Mikkonen and A. Taivalsaari },
  title = {Using {JavaScript} as a Real Programming Language},
  institution = {Sun Microsystems Laboratories},
  year = {2007},
  number = {TR-2007-168}
}


@ARTICLE{woodward:ist93,
  author = {M. Woodward},
  title = {Mutation testing - its origin and evolution},
  journal = {Information and Software Technology},
  year = {1993},
  volume={35}, 
  number={3}, 
  pages={163--169}, 
}


@inproceedings{williams:edcc05,
title={PathCrawler:
automatic generation of path tests by combining static and dynamic
analysis},
author={N. Williams and B. Marre and P. Mouy and M. Roger},
year={2005},
booktitle={Proc. 5th European Dependable Computing Conference (EDCC'05)},
pages = {281--292}
}

@inproceedings{godefroid:pldi05,
title={{DART}: directed
automated random testing},
author={P. Godefroid and N. Klarlund and K. Sen},
year={2005},
booktitle={Proc. ACM SIGPLAN Conference on Programming Language Design and
Implementation (PLDI'05)},
pages = {213--223}
}

@inproceedings{sen:esec-fse05,
title={{CUTE}: a concolic unit testing engine for {C}},
author={K. Sen and D. Marinov and G. Agha},
year={2005},
booktitle={Proc. 10th European Software Engineering Conference held jointly with 13th ACM
SIGSOFT International Symposium on Foundations of Software
Engineering (ESEC/FSE'05)},
pages = {263--272}
}

@inproceedings{tonella:issta04,
title={ Evolutionary testing of classes},
author={P. Tonella},
year={2004},
booktitle={Proc. ACM SIGSOFT International Symposium
on Software Testing and Analysis (ISSTA'04)},
pages = {119--128}
}

@inproceedings{wappler:gecco05,
title={ Using evolutionary algorithms
for the unit testing of object-oriented software},
author={S. Wappler and F. Lammermann},
year={2005},
booktitle={Proc. Conference on Genetic and
Evolutionary Computation (GECCO'05)},
pages = {1053--1060}
}

@inproceedings{pacheco:oopsla07,
title={ Randoop: feedback-directed
random testing for Java},
author={C. Pacheco and M. D. Ernst},
year={2007},
booktitle={Proc. ACM SIGPLAN Conference on Object-Oriented Programming
Systems and Applications Companion (OOPSLA'07)},
pages = {815-816}
}


@inproceedings{ciupa:icse08,
title={Artoo: adaptive random testing for object-oriented software},
author={I. Ciupa and A. Leitner and M. Oriol and B. Meyer},
year={2008},
booktitle={Proc. International Conference on Software
Engineering (ICSE'08)},
pages = {71--80}
}


@inproceedings{zhang:icsm10,
title={Test generation via dynamic symbolic execution for mutation testing},
author={L. Zhang and T. Xie and L. Zhang and N. Tillmann and J. de Halleux and
H. Mei},
year={2010},
booktitle={Proc. IEEE International Conference on
Software Maintenance (ICSM'10)},
pages = {1--10}
}

@inproceedings{xie:ecoop06,
title={Augmenting automatically generated unit-test suites
with regression oracle checking},
author={T. Xie},
year={2006},
booktitle={Proc. 20th European Conference on Object-Oriented Programming (ECOOP'06)},
pages = {380--403}
}


@inproceedings{fraser:qsic11,
title= {Evolutionary Generation of Whole Test Suites},
author={G. Fraser and A. Arcuri},
year={2011},
booktitle={Proc. 11th International Conference on Quality Software (QSIC'11)},
pages = {31--40}
}

@ARTICLE{papadakis:ist12,
  author = {M. Papadakis and	N. Malevris},
  title = {Mutation based test case generation via a path selection strategy},
  journal = {Information and Software Technology},
  year = {2012},
  volume={54}, 
  number={9}, 
  pages={915--932}, 
}

@inproceedings{artzi:icse11,
title= {A framework for automated testing of {JavaScript} web applications},
author={S. Artzi and J. Dolby and	S Jensen and	A. M\o{}ller and	F. Tip},
year={2011},
booktitle={Proc. 33rd International Conference on Software Engineering (ICSE'11)},
pages = {571--580}
}

@inproceedings{sy:fse03,
  author = {N. Sy and Y. Deville},
  title = {Consistency Techniques for Interprocedural Test Data
Generation},
  booktitle = {Proc. 9th European Software Engineering Conference and 11th International Symposium on Foundations of Software Engineering (ESEC/FSE'03)},
  year = {2003},
  pages = {108--117},
}

@inproceedings{gouraud:ase01,
  author = {S. Gouraud and A. Denise and M. Gaudel and B. Marre},
  title = {A New Way of Automating
Statistical Testing Methods},
  booktitle = {Proc. 16th IEEE International Conference on Automated Software Engineering (ASE'01)},
  year = {2001},
}

@inproceedings{michael:ase98,
  author = {C. Michael and G. McGraw},
  title = { Automated Software Test Data Generation for
Complex Programs},
  booktitle = {Proc. 13th IEEE International Conference on Automated Software Engineering (ASE'98)},
  year = {1998},
  pages = {136--146},
}

@inproceedings{cadar:spin05,
  author = {C. Cadar and D. Engler},
  title = {Execution generated test cases: {How} to
make systems code crash itself},
  booktitle = {Proc. 12th International Conference on Model Checking Software (SPIN'05) },
  year = {2005},
  volume = {3639},
  series = {Lecture Notes in Computer Science},
  pages = {2--23},
  publisher = {Springer}
}

@inproceedings{burnim:ase08,
  author = {J. Burnim and K. Sen},
  title = {Heuristics for scalable dynamic test generation},
  booktitle = {Proc. IEEE International Conference on Automated Software Engineering (ASE'08)},
  year = {2008},
  pages = {443--446},
}

@inproceedings{tillmann:tap08,
  author = {N. Tillmann and J. de Halleux},
  title = {Pex: white box test generation for {.NET}},
  booktitle = {Proc.  2nd International Conference on Tests and Proofs (TAP'08)},
  year = {2008},
  pages = {134--153},
}

@inproceedings{lakhotia:tiac09,
  author = {K. Lakhotia and P. McMinn and	M. Harman},
  title = {Automated Test Data Generation for Coverage: {Haven't} We Solved This Problem Yet?},
  booktitle = {Proc. Testing: Academic and Industrial Conference - Practice and Research Techniques (TAIC-PART'09)},
  year = {2009},
  pages = {95--104},
}

@inproceedings{ribeiro:gecco08,
  author = {J. Ribeiro},
  title = {Search-based Test Case Generation for Object-Oriented Java Software using Strongly-Typed Genetic Programming},
  booktitle = {Proc. 10th Annual Conference on Genetic and Evolutionary Computation (GECCO'08)},
  year = {2008},
  pages = {1819--1822},
}

@inproceedings{ribeiro:ast08,
  author = {J. Ribeiro and M. Zenha-Rela and F. de Vega},
  title = {A Strategy for Evaluating Feasible and Unfeasible Test Cases for the Evolutionary Testing of {Object-Oriented}
Software},
  booktitle = {Proc. 3rd International Workshop on Automation of Software Test (AST'08)},
  year = {2008},
  pages = {85--92},
}

@inproceedings{ribeiro1:gecco08,
  author = {J. Ribeiro and M. Zenha-Rela and F. de Vega},
  title = {Strongly-Typed Genetic Programming and Purity Analysis: Input Domain Reduction for Evolutionary
Testing Problems},
  booktitle = {Proc. 10th Annual Conference on Genetic and Evolutionary Computation (GECCO'08)},
  year = {2008},
  pages = {1783--1784},
}

@inproceedings{baresi:icst10,
  author = {L. Baresi and P. Lanzi and M. Miraz},
  title = {Testful: an evolutionary test approach for Java},
  booktitle = {Proc. 3rd International Conference on Software Testing, Verification and Validation (ICST'10)},
  year = {2010},
  pages = {185--194},
}
@inproceedings{harman:aosd09,
  author = {M. Harman and	F. Islam and T. Xie and S. Wappler},
  title = {Automated test data generation for aspect-oriented programs},
  booktitle = {Proc. 8th ACM International Conference on Aspect-Oriented Software Development (AOSD'09) },
  year = {2009},
  pages = {185--196},
}

@inproceedings{shao:tiac07,
  author = {D. Shao and S. Khurshid and D. Perry},
  title = {A Case for White-box Testing Using Declarative Specifications Poster Abstract},
  booktitle = {Proc. Testing: Academic and Industrial Conference - Practice and Research Techniques (TAIC-PART'07)},
  year = {2007},
  pages = {137},
}

@inproceedings{malburg:ase11,
  author = {J. Malburg and G. Fraser},
  title = {Combining search-based and constraint-based testing},
  booktitle = {Proc. 26th International Conference on Automated Software Engineering (ASE'11) },
  year = {2011},
  pages = {436-439},
}

@inproceedings{fraser:issta11,
title= {Generating Parameterized Unit Tests},
author={G. Fraser and A. Zeller},
year={2011},
booktitle={Proc. International Symposium on Software Testing and Analysis (ISSTA'11)},
pages = {364--374}
}

@inproceedings{andrews:rt06,
title= {Tool support for randomized unit testing},
author={J. Andrews and S. Haldar and Y. Lei and F. Li},
year={2006},
booktitle={Proc. 1st International Workshop on Random Testing (RT'06)},
pages = {36--45}
}

@ARTICLE{csallner:spe04,
  author = {C. Csallner and Y. Smaragdakis},
  title = { {JCrasher}: an automatic robustness tester for {Java}},
  journal = {Software Practice and Experience},
  year = {2004},
  volume={34}, 
  number={11}, 
  pages={1025--1050}, 
}
 
@inproceedings{evans:fse07,
  author = {R. Evans and A. Savoia},
  title = {Differential testing: a new approach to
change detection},
  booktitle = {Proc. 6th European Software Engineering Conference and 11th International Symposium on Foundations of Software Engineering (ESEC/FSE'07)},
  year = {2007},
  pages = {549--552},
}
@inproceedings{staats:icse12,
  author = {M. Staats and G. Gay and M. Heimdahl},
  title = {Automated oracle creation support, or: {How} {I} learned to stop worrying about fault propagation and love mutation testing},
  booktitle = {Proc. International Conference on Software Engineering (ICSE'11)},
  year = {2011},
  pages = {870--880}
}


@INPROCEEDINGS{mirshokraie:icst13,
  author = {S. Mirshokraie and A. Mesbah and K. Pattabiraman },
  title = {Efficient {JavaScript} Mutation Testing},
  booktitle = {Proc. 6th International Conference on Software Testing Verification and Validation
	(ICST'13)},
  year = {2013},
  pages = {74--83},
  publisher = {IEEE Computer Society}
}

@inproceedings{Richardson:icse92,
title={Specification-based test oracles for reactive systems},
author={D. Richardson and S. Aha and T. O'Malley},
year={1992},
booktitle={Proc. 14th International Conference on Software Engineering (ICSE'92)},
pages = {105--118}
}

@inproceedings{mesbah:icse12,
title={Automated Analysis of {CSS} Rules to Support Style Maintenance},
author={A. Mesbah and S. Mirshokraie},
year={2012},
booktitle={Proc. International Conference on Software Engineering (ICSE'12)},
pages = {408--418}
}



@ARTICLE{fraser:tse12,
  author = {G. Fraser and A. Zeller},
  title = {Mutation-Driven Generation of Unit Tests and Oracles},
  journal = {IEEE Transactions on Software Engineering (TSE)},
  year = {2012},
  volume={38}, 
  number={2}, 
  pages={278--292}, 
}

@article{marchetto:search,
  title={Using search-based algorithms for {A}jax event sequence generation during testing},
  author={Marchetto, Alessandro and Tonella, Paolo},
  journal={Empirical Software Engineering},
  volume={16},
  number={1},
  pages={103--140},
  year={2011},
  publisher={Springer}
}

@inproceedings{shabnam:ase13,
  author = {Mirshokraie, Shabnam and Mesbah, Ali and Pattabiraman, Karthik},
  title = {Pythia: Generating Test Cases with Oracles for {JavaScript} Applications},
  booktitle = {Proc. International Conference on Automated Software Engineering (ASE), New Ideas Track},
  publisher = {IEEE Computer Society},
  pages = {610--615},
  year = {2013}
}



@MISC{w3c-event2,
  author = {{W3C}},
  title = {Document Object Model Events, Level 2},
 howpublished = {\url{http://www.w3.org/TR/DOM-Level-2-Events/events.html}}
}

@MISC{jquery-api,
  title = {{jQuery API}},
 howpublished = {\url{http://api.jquery.com}}
}

@book{Cormen:2001,
 author = {Cormen, Thomas H. and Stein, Clifford and Rivest, Ronald L. and Leiserson, Charles E.},
 title = {Introduction to Algorithms},
 year = {2001},
 edition = {2nd},
 publisher = {McGraw-Hill Higher Education},
} 

@book{humble:2010,
 author = {J. Humble and D. Farley},
 title = {Continuous Delivery: Reliable Software Releases through Build, Test, and Deployment Automation},
 year = {2010},
 edition = {1st},
 publisher = {Addison Wesley Professional},
} 

@MISC{jseft-dl,
  title = {{JSeft}},
 howpublished = {\url{http://salt.ece.ubc.ca/software/jseft/}}
}

@MISC{atrina-dl,
  title = {{Atrina}},
 howpublished = {\url{http://salt.ece.ubc.ca/software/Atrina/}}
}

@MISC{rhino,
  title = {{Mozilla Rhino}},
 howpublished = {\url{http://www.mozilla.org/rhino/}}
}
@MISC{mutationSummary,
  title = {{Google. Mutation Summary Library}},
 howpublished = {\url{ http://code.google.com/p/ mutation- summary/}}
}

@MISC{claroline,
  title = {{Claroline}},
 howpublished = {\url{http://www.claroline.net/}}
}

@MISC{enterpriseStore,
  title = {{WSO2 EnterpriseStore}},
 howpublished = {\url{https://github.com/wso2/enterprise-store}}
}
@MISC{phormer,
  title = {{Phormer Photogallery}},
 howpublished = {\url{http://sourceforge.net/projects/rephormer/}}
}

@MISC{wolfcms,
  title = {{WolfCMS}},
 howpublished = {\url{https://github.com/wolfcms/wolfcms}}
}


@MISC{quint,
  title = {{Qunit}},
 howpublished = {\url{http://qunitjs.com}}
}

@MISC{jscover,
  title = {{JSCover}},
 howpublished = {\url{http://tntim96.github.io/JSCover/}}
}

@inproceedings{sen:fse13,
  author = {K. Sen and S. Kalasapur and T. and S. Gibbs},
  title = {Jalangi: A Selective Record-Replay and Dynamic Analysis Framework for {JavaScript}},
  booktitle = {Proc. European Software Engineering Conference and ACM SIGSOFT International Symposium on Foundations of Software Engineering (ESEC/FSE'013)},
  publisher = {ACM},
  year = {2013}
}

@inproceedings{jensen:fse13,
  author = {C. Jensen and A. M\o{}ller and Z. Su},
  title = {Server Interface Descriptions for Automated Testing of {JavaScript} Web Applications},
  booktitle = {Proc. European Software Engineering Conference and ACM SIGSOFT International Symposium on Foundations of Software Engineering (ESEC/FSE'013)},
  publisher = {ACM},
  year = {2013}
}

@inproceedings{Ocariza:esem2013,
  author = {F. Ocariza and K. Bajaj and K. Pattabiraman and A. Mesbah},
  title = {An Empirical Study of Client-Side {JavaScript} Bugs},
  booktitle = {Proc. ACM/IEEE International Symposium on Empirical Software Engineering and Measurement (ESEM'13)},
  publisher = {IEEE Computer Society},
  pages = {55--64},
  year = {2013}
}


@article{garousi:ist13,
  title={A systematic mapping study of web application testing},
  author={V. Garousi and A. Mesbah and A. Betin Can and S. Mirshokraie},
  journal={Information and Software Technology},
  volume={55},
  number={8},
  pages={1374--1396},
  year={2013},
}





@INPROCEEDINGS{untch:asr09,
  author = {R. Untch},
  title = {On reduced neighborhood mutation analysis using a single mutagenic operator},
  booktitle = {Proc. ACM Southeast Regional Conference},
  year = {2009},
  pages = {19--21},
  publisher = {ACM}
}

@INPROCEEDINGS{taneja:ase08,
  author = {K. Taneja and T. Xie},
  title = {{DiffGen}: Automated regression unit-test generation},
  booktitle = {Proc. International Conference on Automated Software Engineering (ASE'08)},
  year = {2008},
  pages = {407--410},
  publisher = {IEEE Computer Society}
}


@ARTICLE{elbaum:tse09,
  author = {S. Elbaum and H. Ne Chin and M. B. Dwyer and M. Jorde},
  title = {Carving and Replaying Differential Unit Test Cases from System Test Cases},
  journal = {IEEE Transactions on Software Engineering (TSE)},
  year = {2009},
  volume={35}, 
  number={1}, 
  pages={29--45}, 
}

@ARTICLE{polo:software13,
  author = {M. Polo and P. Reales and M. Piattini and C. Ebert},
  title = {Carving and Replaying Differential Unit Test Cases from System Test Cases},
  journal = {IEEE Software},
  year = {2013},
  volume={30}, 
  number={1}, 
  pages={84--89}, 
}

@inproceedings{Feldthaus:icse13,
  title={Efficient construction of approximate call graphs for JavaScript IDE services},
  author={A. Feldthaus and M. Schäfer and M. Sridharan and J. Dolby and F. Tip},
  booktitle = {Proc. International Conference on Software Engineering (ICSE)},
  year = {2013},
  pages={752--761},
  publisher = {ACM},
}

@INPROCEEDINGS{mirshokraie:icst15,
  author = {S. Mirshokraie and A. Mesbah and K. Pattabiraman},
  title = {{JSEFT}: Automated JavaScript Unit Test Generation},
  booktitle = {to appear in Proc. 8th International Conference on Software Testing Verification and Validation
	(ICST'15)},
  year = {2015},
  pages = {},
  publisher = {IEEE Computer Society}
}

@ARTICLE{mirshokraie:tse15,
  author = {S. Mirshokraie and A. Mesbah and K. Pattabiraman},
  title = {Guided Mutation Testing for JavaScript Web Applications},
  journal = {(in press) IEEE Transactions on Software Engineering (TSE)},
  year = {2015},
  volume={}, 
  number={}, 
  pages={}, 
}
@ARTICLE{xie:tosem07,
  author = {Q. Xie and A. M. Memon},
  title = {Designing and comparing automated test oracles for gui-based software applications},
  journal = {ACM Transactions on Software Engineering and Methodology (TOSEM)},
  year = {2007},
  volume={16}, 
  number={1}, 
  pages={}, 
}

@INPROCEEDINGS{pacheco:ecoop05,
  author = {C. Pacheco and M. Ernst},
  title = {{Eclat}: Automatic
generation and classification of test inputs},
  booktitle = {Proc. European Conference on Object-Oriented Programming (ECOOP'05)},
  year = {2005},
  pages = {50-–527},
  publisher = {}
}

@inproceedings{fraser:issta13,
 author = {G. Fraser and M. Staats and P. McMinn and A. Arcuri and
F. Padberg},
 title = {Does automated white-box test generation really help software testers?},
 booktitle = {Proc. International Symposium on Software Testing and Analysis (ISSTA'13)},
 year = {2013},
 pages = {188--198},
 doi = {http://doi.acm.org/10.1145/1146238.1146258},
 publisher = {ACM},
}

@INPROCEEDINGS{pastore:icst13,
  author = {F. Pastore and L. Mariani and G. Fraser},
  title = {{CrowdOracles}: Can the crowd solve the oracle problem?},
  booktitle = {Proc. International Conference on Software Testing Verification and Validation
	(ICST'13)},
  year = {2013},
  pages = {342--351},
  publisher = {IEEE Computer Society}
}

@TECHREPORT{harman:tech13,
  author = {M. Harman and P. McMinn and M. Shahbaz and S. Yoo},
  title = {A comprehensive survey of trends in oracles for software testing},
  institution = {Department of Computer Science, University of Sheffield},
  year = {2013},
  number = {CS-13-01}
}

@inproceedings{milanifard:ase14,
  author = {A. Milani Fard and M. Mirzaaghaei and A. Mesbah},
  title = {Leveraging Existing Tests in Automated Test Generation for Web Applications},
  booktitle = {Proc. IEEE International Conference on Automated Software Engineering (ASE'14)},
  year = {2014},
  pages = {67--78},
}


@INPROCEEDINGS{pezze:icst13,
  author = {M. Pezz\`e and K. Rubinov and J. Wuttke},
  title = {Generating Effective Integration Test Cases from Unit Ones},
  booktitle = {Proc. International Conference on Software Testing Verification and Validation
	(ICST'13)},
  year = {2013},
  pages = {11--20},
  publisher = {IEEE Computer Society}
}

@INPROCEEDINGS{fraser:icst12,
  author = {G. Fraser and A. Arcuri},
  title = {The seed is strong: Seeding strategies in search-based software testing},
  booktitle = {Proc. International Conference on Software Testing Verification and Validation
	(ICST'12)},
  year = {2012},
  pages = {121--130},
  publisher = {IEEE Computer Society}
}

@INPROCEEDINGS{yao:icse14,
  author = {X. Yao and M. Harman and Y. Jia},
  title = {A Study of Equivalent and Stubborn Mutation Operators using Human Analysis of Equivalence},
  booktitle = {Proc. International Conference on Software Engineering (ICSE)},
  year = {2014},
  pages = {919--930},
  publisher = {ACM}
}

@INPROCEEDINGS{raise:jalbert12,
  author = {K. Jalbert and J.S. Bradbury},
  title = {Predicting Mutation Score Using Source Code and Test Suite Metrics},
  booktitle = {Proc. International Workshop on Realizing AI Synergies in Software Engineering (RAISE)},
  year = {2012},
  pages = {42--46},
}

@ARTICLE{schuler:tvr12,
  author = {D. Schuler and A. Zeller},
  title = {Covering and Uncovering Equivalent Mutants},
  journal = {Software Testing, Verification, and
Reliability},
  year = {2012},
  volume={23}, 
  number={5}, 
  pages={353--374}, 
}

@ARTICLE{madeyski:tse13,
  author = {L. Madeyski and W. Orzeszyna and R. Torkar and M. Jozala},
  title = {Overcoming the Equivalent Mutant Problem: A Systematic Literature Review and a Comparative Experiment of Second Order Mutation},
  journal = {IEEE Transactions on Software Engineering (TSE)},
  year = {2013},
  volume={40}, 
  number={1}, 
  pages={23--42}, 
}

@INPROCEEDINGS{ji:seke09,
  author = {C. Ji and Z. Chen and B. Xu and Z. Zhao},
  title = {A Novel Method of Mutation Clustering Based on Domain Analysis},
  booktitle = {Proc. 21st International conference on Software Engineering and Knowledge Engineering (SEKE)},
  year = {2009},
  pages = {422--425},
}
@ARTICLE{barbosa:stvr01,
  author = {E. F. Barbosa and J. C. Maldonado and A. M. R. Vincenzi},
  title = {Toward the determination of sufficient mutant operators for {C}},
  journal = {Software Testing, Verification and Reliability (STVR)},
  year = {2001},
  volume={11}, 
  number={2}, 
  pages={113--136}, 
}
@INPROCEEDINGS{siami:icse08,
  author = {A. Siami Namin and J. H. Andrews and D. J. Murdoch},
  title = {Sufficient mutation operators for measuring test effectiveness},
  booktitle = {Proc. International Conference on Software Engineering (ICSE)},
  year = {2008},
  pages = {351--360},
  publisher = {ACM}
}
@INPROCEEDINGS{zhang:icse10,
  author = {L. Zhang and S. Hou and J. Hu and T. Xie and H. Mei},
  title = {Is operator-based mutant selection superior to random mutant selection?},
  booktitle = {Proc. International Conference on Software Engineering (ICSE)},
  year = {2010},
  pages = {435--444},
  publisher = {ACM}
}
@INPROCEEDINGS{jia:scam08,
  author = {Y. Jia and M. Harman},
  title = {Constructing subtle faults using
higher order mutation testing},
  booktitle = {Proceedings of the 8th International Working Conference on Source Code
Analysis and Manipulation (SCAM'08)},
  year = {2008},
  pages = {249--258},
  publisher = {ACM},
}
@ARTICLE{offutt:tvr97,
  author = {A. Offutt and J. Pan},
  title = {Automatically Detecting Equivalent
Mutants and Infeasible Paths},
  journal = {Software Testing, Verification, and
Reliability},
  year = {1997},
  volume={7}, 
  number={3}, 
  pages={165--192}, 
}
@INPROCEEDINGS{offutt:compass96,
  author = {A. Offutt and J. Pan},
  title = {Detecting Equivalent Mutants and the
Feasible Path Problem},
  booktitle = {International Conference on Computer Assurance (COMPASS)},
  year = {1996},
  pages = {224--236},
}

@INPROCEEDINGS{gligoric:issta13,
  author = {M. Gligoric and L. Zhang C. Pereira and G. Pokam},
  title = {Selective Mutation Testing for Concurrent Code},
  booktitle = {Proc. Intl. Symp. Softw. Testing and Analysis (ISSTA)},
  year = {2013},
  pages = {224--234},
  publisher = {ACM}
}
@INPROCEEDINGS{kintis:icst12,
  author = {M. Kintis and M. Papadakis and N. Malevris},
  title = {Isolating First Order Equivalent Mutants via Second Order Mutation},
  booktitle = {Proc. International Conference on Software Testing Verification and Validation
	(ICST)},
  year = {2012},
  pages = {701--710},
  publisher = {IEEE Computer Society}
}

@INPROCEEDINGS{deng:icst13,
  author = {L. Deng and J. Offutt and N. Li},
  title = {Empirical Evaluation of the Statement Deletion Mutation Operator},
  booktitle = {Proc. International Conference on Software Testing Verification and Validation
	(ICST)},
  year = {2013},
  pages = {84--93},
  publisher = {IEEE Computer Society}
}

@ARTICLE{anand:jss13,
  author = {S. Anand and	E. K. Burke and 	T. Y. Chen and J. Clark and M. B. Cohen and W. Grieskamp and M. Harman and M. J. Harrold and P. Mcminn},
  title = {An orchestrated survey of methodologies for automated software test case generation},
  journal = {Journal of Systems and Software},
  year = {August 2013},
  volume = {86},
  pages = {1978--2001},
  number = {8},
}

@inproceedings{ayari:gecco07,
  title={Automatic Mutation Test Input Data Generation via Ant Colony},
  author={K. Ayari and S. Bouktif and G. Antoniol},
  booktitle = {Proc. Annual Conference on Genetic and Evolutionary Computation (GECCO)},
  pages={1074--1081},
  year = {2007},
  publisher = {ACM},
}

@inproceedings{harman:fse11,
 author = {M. Harman and Yue Jia and W.B. Langdon},
 title = {Strong Higher Order Mutation-Based Test Data Generation},
 booktitle = {Proc. ACM SIGSOFT International Symposium on Foundations of software engineering (FSE)},
 year = {2011},
 pages = {212--222},
 publisher = {ACM},
}
@INPROCEEDINGS{zhang:issta13,
  author = {L. Zhang and D. Marinov and S. Khurshid},
  title = {Faster Mutation Testing Inspired by Test Prioritization and Reduction},
  booktitle = {Proc. Intl. Symp. Softw. Testing and Analysis (ISSTA)},
  year = {2013},
  pages = {235--245},
  publisher = {ACM}
}